3150 4700
892 231 1021 282 us.
1066 230 1094 280 1
1137 229 1284 282 car,
1329 230 1780 281 xxv—nvn
1823 213 1903 301 ἓξ
1945 211 2218 283 69-75,
2617 217 2699 279 25

402 374 685 460 quidem,
738 375 966 455 Vellei,
1014 375 1127 441 sed
1173 397 1305 442 non
1353 374 1455 441 vis
1508 375 1718 442 fateri.
1804 374 1944 441 Ista
1986 375 2161 441 enim
2208 396 2250 440 a
2297 373 2477 440 vobis
2520 373 2703 461 quasi
2728 372 2805 431 '72

404 476 646 544 dictata
670 478 1046 566 redduntur,
1075 498 1242 564 quae
1281 475 1606 565 Epicurus
1645 477 1922 545 oscitans
1963 478 2377 543 halucinatus
2410 483 2526 555 est,
2553 498 2701 542 cum

401 582 665 668 quidem
692 582 1089 668 gloriaretur,
1120 588 1198 646 ut
1225 579 1524 646 videmus
1559 579 1642 645 in·
1670 579 1937 666 scriptis,
1979 601 2048 645 se
2085 580 2465 666 magistrum
2498 578 2703 644 habu·

401 684 526 750 isse
572 684 844 750 nullum.
931 682 1120 766 Quod
1163 691 1233 748 et
1281 703 1413 748 non
1463 676 1857 768 praedicanti
1902 690 2123 748 tamen
2166 681 2350 748 facile
2400 680 2701 768 equidem

308 828 317 847 -.
335 819 372 879 5
402 787 743 866 crederem,
784 786 957 853 sicut
1004 786 1161 851 mali
1204 785 1482 851 aedificii
1524 785 1784 851 domino
1827 785 2127 871 glorianti
2167 806 2237 850 se
2280 784 2700 850 architectum

401 910 533 954 non
580 888 880 956 habuisse
892 914 911 972 ;
967 889 1135 956 nihil
1176 888 1356 956 enim
1402 889 1535 955 olet
1579 910 1662 953 ex
1711 888 2079 967 Academia,
2126 886 2292 952 nihil
2347 908 2431 953 ex
2476 886 2701 972 Lyceo,

401 991 566 1057 nihil
613 1014 699 1059 ne
743 1015 784 1059 e
830 992 1189 1080 puerilibus
1245 990 1509 1078 quidem
1567 988 1933 1076 disciplinis.
2025 990 2428 1055 Xenocraten
2477 988 2698 1054 audire

402 1094 633 1181 potuit,
665 1116 861 1181 quem
888 1095 1121 1174 virum,
1150 1093 1217 1160 di
1246 1093 1666 1159 immortalesl
1707 1100 1778 1158 et
1811 1098 1968 1158 sunt
1998 1092 2112 1179 qui
2149 1100 2385 1179 putent
2415 1093 2698 1177 audisse;

402 1199 539 1285 ipse
576 1220 705 1264 non
732 1199 904 1279 vult3
950 1199 1136 1265 credo
1179 1198 1327 1285 plus
1368 1197 1632 1263 nemini.
1719 1196 2130 1282 Pamphilum
2172 1195 2512 1283 quendam,
2553 1195 2698 1262 Pla-

302 1332 377 1372 10
402 1303 573 1369 tonis
613 1303 991 1382 auditorem,
1036 1302 1131 1368 ait
1173 1323 1214 1366 a
1255 1322 1324 1366 se
1371 1299 1553 1367 Sami
1596 1294 1923 1381 auditum3
1972 1297 2067 1364 ibi
2106 1299 2284 1364 enim
2328 1299 2699 1365 adulescens

404 1405 738 1471 habitabat
764 1427 912 1471 cum
941 1412 1123 1490 patre
1153 1412 1223 1469 et
1248 1403 1569 1481 fratribus,
1598 1402 1771 1488 quod
1798 1403 1870 1467 in
1897 1424 2042 1468 eam
2062 1409 2246 1488 pater
2265 1400 2405 1489 ejus
2424 1402 2700 1469 Neocles

404 1506 691 1593 agripeta
745 1514 1050 1586 venerat3
1106 1505 1220 1571 sed
1270 1526 1418 1570 cum
1476 1505 1745 1590 agelluse
1767 1525 1920 1570 eum
1964 1526 2097 1569 non
2145 1504 2301 1570 satis
2348 1504 2568 1584 aleret,
2617 1513 2699 1571 ut

402 1611 642 1696 opinor,
681 1610 823 1676 ludi
859 1609 1168 1697 magister
1203 1609 1346 1675 fuit.
1430 1606 1563 1675 Sed
1601 1607 1775 1673 hunc
1807 1607 2209 1674 Platonicum
2245 1606 2510 1673 mirifice
2548 1628 2695 1673 con·
2720 1614 2800 1676 '73

401 1713 637 1778 temnit
666 1711 1016 1798 Epicurus;
1053 1712 1152 1777 ita
1175 1710 1433 1788 metuit,
1455 1732 1539 1776 ne
1561 1709 1719 1798 quid
1748 1730 2058 1796 umquam
2080 1709 2371 1775 didicisse
2386 1710 2695 1780 videatur.

302 1845 330 1884 ι
341 1840 376 1903 5
404 1816 488 1881 In
514 1816 934 1902 Nausiphane
963 1815 1369 1882 Democriteo
1406 1822 1669 1882 tenetur
1674 1840 1694 1896 3
1738 1837 1934 1901 quem
1973 1836 2121 1880 cum
2157 1837 2200 1881 a
2231 1835 2300 1880 se
2339 1837 2469 1880 non
2503 1824 2699 1903 neget

404 1920 717 1999 auditum,
767 1929 962 1986 vexat
1016 1929 1237 1985 tamen
1293 1919 1593 1986 omnibus
1647 1918 2068 1984 contumeliis.
2153 1917 2363 2005 Atqui
2425 1919 2483 1984 si
2537 1918 2697 1984 haec

402 2021 811 2089 Democritea
849 2046 981 2089 non
1029 2022 1329 2100 audisset,
1373 2021 1532 2107 quid
1577 2019 1906 2086 audierat?
1954 2019 2110 2106 quid
2156 2028 2256 2085 est
2302 2020 2374 2084 in
2417 2020 2696 2107 physicis

402 2125 664 2210 Epicuri
690 2148 822 2192 non
850 2148 892 2192 a
920 2125 1330 2191 Democrito?
1414 2124 1590 2189 Nam
1634 2122 1757 2189 etsi
1796 2122 2114 2208 quaedam
2156 2124 2590 2205 commutavit,
2618 2133 2695 2191 ut

403 2228 573 2312 quod
601 2229 793 2314 paulo
820 2236 973 2294 ante
1002 2228 1083 2293 de
1113 2228 1526 2294 inclinatione
1556 2234 1916 2292 atomorum
1949 2226 2105 2305 dixi,
2136 2235 2357 2292 tamen
2391 2228 2694 2315 pleraque

300 2356 379 2396 πο
405 2331 560 2398 dicit
588 2332 832 2413 eadem,
859 2340 1126 2415 atomOS,
1157 2331 1368 2411 inane,
1398 2331 1730 2418 imagines,
1769 2329 2160 2396 infinitatem
2196 2330 2475 2397 locorum
2502 2332 2695 2399 innu-

401 2435 1026 2523 merabilitatemque
1058 2435 1465 2514 mundorum,
1493 2457 1715 2501 eorum
1743 2443 1938 2513 ortus,
1965 2434 2281 2513 interitus,
2303 2437 2521 2503 omnia
2545 2438 2693 2516 fere,

403 2536 637 2621 quibus
674 2547 942 2603 naturae
979 2536 1145 2605 ratio
1180 2537 1558 2603 continetur.
1648 2536 1844 2601 Nunc
1885 2535 2052 2602 istuc
2088 2538 2297 2622 ‘quasi
2337 2538 2587 2624 corpus’
2623 2549 2695 2605 et

402 2642 418 2669 ⁴
436 2637 622 2722 quasi
678 2639 1056 2725 sanguinem
1073 2639 1090 2665 ’
1147 2638 1308 2724 quid
1365 2637 1722 2725 intellegis?
1809 2637 1946 2724 Ego
2001 2637 2177 2703 enim
2231 2647 2300 2704 te
2355 2639 2513 2706 scire
2568 2640 2695 2706 ista
2719 2644 2798 2703 ¹74

401 2737 634 2804 melius
661 2762 858 2826 quam
887 2762 994 2805 me
1022 2762 1153 2805 non
1182 2740 1385 2805 fateor
1412 2740 1638 2817 solum,
1667 2738 1780 2804 sed
1814 2738 2013 2804 etiam
2051 2739 2235 2805 facile
2269 2742 2475 2826 patior
2482 2766 2501 2821 3
2545 2764 2694 2807 cum

298 2865 373 2932 25
403 2840 665 2924 quidem
711 2842 912 2907 semel
960 2842 1135 2907 dicta
1179 2850 1351 2924 sunt,
1403 2841 1559 2927 quid
1607 2850 1722 2921 est,
1774 2840 1948 2927 quod
1991 2839 2281 2907 Velleius
2325 2842 2696 2929 intellegere

404 2946 619 3029 possit,
649 2946 845 3013 Cotta
880 2969 1010 3012 non
1045 2947 1280 3033 possit?
1365 2946 1600 3032 Itaque
1644 2967 1870 3031 corpus
1904 2945 2062 3031 quid
2100 2947 2201 3025 sit,
2246 2949 2503 3033 sanguis
2540 2949 2697 3033 quid

402 3045 506 3126 sit,
537 3048 880 3136 intellego;
916 3050 1101 3135 quasi
1130 3070 1357 3134 corpus
1385 3056 1453 3113 et
1480 3047 1665 3134 quasi
1694 3047 1967 3132 sanguis
1998 3047 2153 3131 quid
2183 3048 2285 3126 sit,
2315 3049 2492 3113 nullo
2521 3072 2696 3134 pror-

401 3170 511 3216 sus
538 3152 725 3217 modo
755 3153 1072 3239 intellego
1162 3152 1396 3236 Neque
1424 3158 1501 3215 tu
1540 3173 1646 3215 me
1684 3150 1872 3230 celas,
1908 3158 1986 3214 ut
2023 3150 2415 3236 Pythagoras
2451 3151 2695 3216 solebat

399 3252 658 3333 alienos,
713 3276 835 3320 nec
890 3254 1177 3320 consulto
1234 3254 1394 3319 dicis
1449 3252 1696 3318 occulte
1751 3260 2085 3338 tamquam
2141 3252 2527 3332 Heraclitus,
2579 3254 2690 3319 sed

290 3379 376 3439 30
402 3355 603 3441 (quod
629 3357 800 3422 inter
829 3377 944 3422 nos
968 3356 1186 3440 liceat)
1215 3377 1301 3421 ne
1330 3364 1405 3421 tu
1441 3353 1706 3439 quidem
1742 3354 2077 3440 intellegis.
2165 3355 2449 3422 XXVIL
2513 3355 2688 3421 Illud
2715 3357 2792 3417 ¹75

496 3599 534 3648 4
562 3607 613 3650 et
634 3613 746 3662 uss,
766 3602 821 3651 εἰ
848 3600 1018 3658 Klotz,
1042 3598 1129 3650 Or.
1153 3599 1248 3649 Ba.
1270 3598 1381 3648 Mu.
1508 3597 1740 3661 equidem
1763 3594 1965 3654 Lamb„
1992 3595 2194 3659 quidm
2216 3607 2332 3646 uss.
2523 3595 2554 3646 5
2586 3612 2689 3648 cre.

401 3682 563 3732 «ierem
596 3681 904 3742 Ammon,
942 3683 1130 3731 creden»
1168 3678 1319 3742 A1131,
1365 3679 1612 3729 credemus
1651 3677 1788 3738 GRK,
1827 3677 2024 3727 credam
2058 3680 2315 3738 REGE-b,
2353 3677 2587 3729 credatur
2619 3680 2684 3730 U.

396 3761 436 3812 ὃ
467 3764 567 3812 olet
586 3761 720 3825 Bm,
735 3765 887 3827 floret
908 3760 1087 3811 ACEP
1107 3760 1212 3811 and
1235 3773 1334 3810 uss
1354 3758 1630 3821 generally,
1656 3760 1705 3807 ei
1726 3760 1824 3806 olet
1846 3757 1929 3806 Kl.
2057 3759 2194 3808 nihil
2214 3772 2275 3807 ex
2296 3756 2446 3820 oUE,
2470 3760 2687 3810 nihilne

399 3858 465 3893 ex
482 3842 666 3897 XBK-l-
680 3880 695 3894 .
824 3845 989 3908 Lyceo
1011 3840 1149 3902 sch„
1177 3841 1337 3905 Lycio
1359 3839 1454 3890 Ua
1473 3838 1562 3889 Or.
1584 3838 1678 3887 Ba.
1703 3837 1811 3886 Mn.
1839 3836 1951 3901 (but
1978 3835 2051 3887 all
2070 3836 2192 3886 read
2211 3839 2374 3902 Lyceo
2397 3837 2515 3888 Div.
2538 3853 2561 3889 1
2582 3839 2681 3905 22),

401 3926 562 3975 leucio
598 3923 892 3978 namn.
1119 3921 1182 3972 17
1225 3921 1354 3984 quid
1385 3925 1459 3969 est
1495 3917 1559 3980 X,
1599 3918 1726 3981 quid
1761 3917 1892 3966 enim
1923 3915 2010 3965 El.
2046 3915 2153 3979 Uv,
2192 3919 2319 3980 quid
2353 3924 2429 3967 est
2462 3920 2594 3969 enim
2629 3925 2684 3971 0.

400 4004 470 4054 20
508 4006 658 4054 inane
691 4003 826 4061 edd„
861 4004 1035 4052 inanes
1077 4013 1193 4051 uss.
1448 4000 1516 4048 23
1558 3999 1686 4061 quid
1716 3997 1969 4057 intellegit
2006 4008 2103 4046 uss
2144 3998 2415 4062 generally,
2454 4000 2583 4062 quid
2614 4001 2686 4050 sit

398 4087 651 4147 intelleyis
676 4085 761 4134 El.
788 4089 832 4134 v
860 4083 976 4133 Asc.
1008 4081 1134 4131 Bed.
1167 4074 1360 4130 Heind.
1555 4080 1619 4129 29
1650 4079 1871 4128 consulto
1900 4077 2048 4141 [CE],
2081 4081 2306 4130 cunctata
2336 4079 2518 4131 ABPU
2547 4081 2683 4132 Mus.

398 4167 467 4217 30
497 4167 647 4217 liceat
666 4164 797 4228 edd„
824 4163 1015 4229 liqueat
1036 4176 1134 4214 uss
1157 4161 1235 4228 (so
1255 4161 1302 4212 A
1321 4159 1418 4211 has
1442 4161 1628 4222 Quotta
1647 4159 1729 4209 for
1752 4161 1898 4209 Cotta
1919 4158 1976 4208 in
1998 4158 2033 4209 1.
2055 4157 2157 4226 26).
