3150 4700
487 232 569 296 56
1103 243 1521 293 comta-nous
1564 243 1653 292 or
1696 242 1992 293 momen
2035 243 2176 292 MSS.

473 386 847 450 formationemJ
883 388 971 450 aff.
993 390 1117 454 HV„
1311 402 1402 438 nec
1430 388 1657 451 intelliqi
1684 389 1974 452 quicquam]
2012 402 2115 437 om.
2139 392 2196 438 Β.
2389 401 2478 437 nec
2507 386 2783 451 disputan]

484 481 588 517 om.
609 472 701 519 Lo.
888 469 1074 531 potest]
1098 468 1265 532 possit
1294 472 1429 519 mv.
1625 469 1789 531 cuius]
1819 471 1997 531 quoius
2018 473 2134 527 Eu,
2156 484 2260 533 qua
2287 469 2369 519 uis
2395 473 2448 530 L,
2476 470 2703 532 quamuis
2725 473 2781 519 0.

377 549 460 609 44
580 556 743 608 XVII.
809 558 1065 621 quoniam]
1091 563 1141 607 et
1164 557 1282 607 inde
1310 562 1374 621 E,
1409 563 1443 588 ‘⁶
1461 557 1531 609 al.
1561 566 1613 608 et
1637 559 1754 608 inde
1769 557 1800 583 ”
1820 562 1902 625 Vl.
2097 559 2421 622 coynitiones]
2456 560 2782 621 cogitationes

481 643 636 692 nv.
828 641 1065 703 omnium]
1087 642 1245 690 omnis
1266 646 1331 691 Ε.
1525 642 1662 705 deos]
1686 642 1827 691 deum
1847 646 1903 692 Ο.
2089 643 2224 704 fere]
2246 642 2370 705 fieri
2390 646 2561 703 mn,
2589 656 2689 693 om.
2716 645 2780 692 R.

469 723 751 787 fateamur]
772 723 998 787 fatemur
1014 727 1326 777 BmooV.
1528 725 1705 788 etiam]
1733 727 1838 774 iam
1857 728 1921 775 H.
2117 725 2384 790 πρόληψιν]
2407 725 2702 788 problebsim
2721 727 2780 783 B,

474 807 741 868 problesim
774 809 879 862 HN,
916 806 1204 868 problepsin
1237 810 1299 865 Κ,
1330 808 1606 870 prolem-sin
1639 812 1693 866 0,
1730 811 1977 871 προλεψΐμ
2008 812 2069 858 Β.
2275 809 2582 872 nominarat]
2623 810 2779 857 nomi-

377 884 455 943 45
481 894 698 937 nauerat
730 892 787 946 Β,
823 889 1104 938 nominavit
1140 893 1195 946 0,
1231 892 1516 952 appellarat
1549 894 1611 940 Π.
1807 891 2006 940 deorum
2043 892 2283 954 ipsorum]
2326 893 2545 952 ipsorum
2581 903 2681 941 om.
2724 894 2778 947 0.

480 969 576 1032 ips.
600 968 651 1017 d.
672 972 732 1018 Β.
925 969 1211 1033 insculpsit]
1231 971 1441 1033 sculpsit
1461 974 1565 1032 EN,
1594 972 1854 1032 inscripsit
1876 974 1931 1020 0.
2112 973 2213 1034 eos]
2246 972 2357 1020 deos
2378 975 2441 1020 Η.
2625 971 2780 1033 quod]

481 1064 601 1113 quos
628 1052 685 1099 B.
864 1050 1059 1100 beatum
1082 1053 1451 1116 aeternumque]
1484 1059 1551 1102 et.
1584 1054 1872 1116 beatumque
1892 1056 1954 1104 V.
2147 1054 2259 1116 nec]
2290 1068 2352 1103 ne
2386 1057 2442 1102 B.
2638 1054 2779 1102 exhi-

481 1134 612 1197 bere]
645 1134 839 1184 exibere
870 1136 926 1193 B,
965 1135 1150 1185 exibile
1185 1139 1238 1192 1„
1274 1136 1499 1185 exhiberi
1535 1139 1633 1186 uc.
1831 1137 1982 1199 talia]
2017 1142 2067 1185 et
2101 1137 2213 1185 alia
2248 1139 2309 1185 Κ.
2503 1136 2778 1197 imbecilla]

481 1229 581 1266 om.
603 1220 656 1273 1..
691 1217 946 1266 imbecilia
964 1220 1026 1276 R,
1061 1218 1337 1267 imbecillia
1354 1223 1401 1269 V
1424 1218 1526 1282 (see
1546 1217 1722 1268 Madv.
1752 1216 1815 1270 de
1834 1217 1988 1268 Finn.
2010 1232 2061 1280 p.
2087 1218 2220 1282 730).
2417 1218 2776 1280 quaereremus]

480 1301 762 1360 quaerimus
782 1302 923 1351 KOV.
1075 1302 1360 1363 coleremus]
1382 1303 1598 1351 colamus
1618 1306 1710 1353 Lo.
1862 1307 1913 1351 et
1931 1303 2009 1364 ut]
2032 1308 2079 1350 et
2101 1315 2203 1350 om.
2225 1306 2281 1351 0.
2437 1301 2777 1364 liberm-enm]

480 1380 743 1430 liberenmr
773 1383 838 1430 H.
1031 1383 1162 1444 erat]
1197 1389 1319 1432 esset
1353 1386 1460 1432 EN.
1653 1383 1840 1445 nullos]
1872 1383 2042 1431 nullus
2076 1385 2303 1432 mo.
2477 1381 2777 1444 impendere]

478 1463 713 1526 impediri
746 1467 815 1523 U,
863 1478 964 1514 om.
1002 1466 1064 1522 R,
1099 1465 1347 1529 impendet
1381 1469 1435 1515 0.
1665 1466 1841 1527 ntem]
1877 1472 2035 1515 motus
2072 1469 2133 1515 Β.
2371 1465 2620 1526 anquirit]
2654 1463 2774 1522 ΒΚῑ,

479 1541 696 1606 inqairit
716 1543 1155 1598 mocRV.
1347 1545 1505 1607 vitae]
1536 1547 1697 1594 vitam
1723 1552 1771 1594 et
1803 1549 1855 1594 z.
2049 1545 2343 1608 mentisque]
2377 1546 2554 1594 mentis
2584 1552 2633 1593 et
2667 1547 2770 1605 HV,

474 1625 656 1674 mentis
677 1632 827 1690 atque
849 1627 921 1677 all
942 1627 1132 1679 others.
1326 1625 1679 1690 αρίιαείοπεπι]
1702 1627 2009 1688 agnitionem
2028 1631 2084 1677 Ο.

375 1715 453 1775 46
574 1711 765 1764 XVIII.
828 1717 1287 1780 natura...partim]
1316 1729 1416 1768 om.
1443 1719 1496 1765 1..
1692 1717 1848 1778 ratio]
1880 1730 1969 1765 nos
1991 1718 2127 1767 ratio
2148 1720 2208 1767 V.
2404 1718 2550 1780 quae]
2585 1731 2686 1779 qua
2717 1719 2772 1764 Β.

373 1804 452 1864 47
469 1793 640 1855 forma
671 1797 804 1860 alia]
848 1800 919 1847 al.
946 1799 995 1861 f.
1030 1802 1173 1848 ΠΟΥ.
1368 1797 1676 1859 compositio]
1710 1810 1753 1846 c.
1788 1803 1862 1846 est
1894 1801 1951 1846 Β.
2146 1798 2497 1861 conformatio]
2530 1798 2774 1860 formatio

477 1879 533 1936 B,
580 1880 887 1942 confirmatio
930 1885 1121 1932 mv.
1328 1880 1751 1941 liniamentorum]
1806 1883 2082 1939 Bch,
2129 1882 2537 1930 lineamentorum
2585 1879 2774 1929 others.

374 1964 454 2023 48
481 1957 714 2024 hominis]
751 1963 908 2010 omnis
944 1965 1001 2010 Β.
1196 1961 1430 2024 hominis]
1467 1960 1718 2009 hominum
1749 1964 1826 2026 Vl.
2014 1962 2357 2024 pulcherrima
2390 1962 2485 2024 est]
2520 1975 2578 2023 p.
2616 1962 2686 2008 sit
2722 1963 2772 2009 Ζ.

476 2039 582 2088 nisi
608 2040 688 2103 in]
721 2042 828 2091 sine
856 2043 1045 2100 mv,
1069 2043 1175 2091 nisi
1195 2045 1346 2090 m.
1540 2040 1725 2102 specie]
1758 2043 1968 2104 speciem
1993 2045 2096 2102 HV,
2123 2046 2232 2092 text
2248 2046 2331 2108 Vl.
2504 2041 2592 2090 sed
2625 2041 2775 2104 quasi

374 2128 453 2187 49
478 2121 674 2184 corpus]
702 2135 806 2171 om.
828 2126 889 2172 N.
1081 2124 1169 2172 sed
1188 2124 1338 2187 quasi
1358 2122 1673 2184 sanquinem]
1707 2136 1807 2175 om.
1835 2125 1899 2181 H,
1921 2124 2007 2172 sed
2034 2124 2325 2184 sanquinem
2344 2127 2399 2173 0.

575 2209 713 2260 XIX.
780 2212 920 2275 haec]
956 2212 1076 2261 baec
1109 2218 1275 2261 autem
1304 2216 1358 2262 0.
1574 2224 1875 2273 quamquam
1912 2213 1981 2274 et]
2019 2214 2290 2275 quicquam
2318 2218 2368 2262 et
2397 2214 2462 2269 H,
2499 2218 2549 2262 et
2581 2226 2683 2262 om.
2712 2215 2775 2261 1.

478 2293 644 2356 quivis
665 2295 746 2359 ea]
768 2296 880 2359 quis
902 2309 965 2344 ea
984 2299 1090 2355 mi,
1113 2297 1204 2359 qui
1224 2297 1364 2344 iusta
1383 2298 1444 2344 K.
1615 2296 1895 2360 aqnoscere]
1917 2308 2199 2357 coqnoscere
2221 2298 2274 2344 1..
2436 2297 2623 2359 autem]
2644 2298 2776 2345 enim

478 2378 582 2435 EN,
609 2389 712 2425 om.
735 2380 790 2426 0.
930 2378 1142 2440 uiderit]
1170 2380 1283 2435 m,
1314 2378 1513 2426 viderat
1533 2381 1629 2435 ΒΟ,
1651 2378 1824 2427 uideat
1846 2380 2050 2443 ΗΟΒΥι.
2195 2379 2292 2440 sic]
2319 2379 2366 2426 si
2387 2381 2443 2428 Β.
2576 2379 2775 2442 tractet]

477 2459 804 2521 BmcRV„
829 2463 1015 2506 tractat
1035 2461 1091 2508 0.
1284 2472 1437 2507 manu
1465 2459 1626 2521 docet]
1660 2463 1697 2509 0
1722 2493 1735 2515 ,
1764 2472 1918 2507 manu
1939 2458 2112 2507 doceat
2133 2460 2407 2515 Bmoss,
2430 2473 2582 2507 manu
2603 2459 2776 2508 doceat

475 2552 565 2586 uos
598 2542 661 2595 E,
697 2540 871 2588 doceat
901 2553 989 2589 nos
1022 2554 1176 2589 manu
1198 2544 1261 2590 V.
1453 2541 1731 2604 soliditate]
1760 2541 2030 2590 solitudine
2051 2544 2105 2590 Β.
2304 2555 2393 2590 nec
2423 2542 2514 2603 ad]
2545 2555 2636 2590 nec
2670 2554 2774 2591 om.

477 2622 580 2677 RV,
614 2623 733 2669 rest.
765 2624 847 2686 Vl.
1053 2622 1132 2683 ut]
1166 2628 1214 2670 et
1245 2625 1306 2671 N.
1499 2623 1591 2670 ille
1620 2628 1827 2685 propter
1847 2622 2166 2684 finnitatem]
2207 2622 2298 2670 ille
2334 2637 2417 2684 pr.
2454 2621 2551 2683 inf.
2586 2626 2649 2682 H,
2690 2637 2774 2684 pr.

477 2701 576 2763 inf.
617 2702 709 2751 ille
741 2705 803 2752 R.
1004 2704 1282 2767 στερέμνια]
1323 2710 1528 2754 strenua
1561 2708 1668 2763 EN,
1711 2710 1972 2754 stentenua
2014 2707 2057 2762 1,
2099 2705 2331 2753 steremia
2373 2706 2470 2764 ΟΥ,
2508 2706 2775 2754 ster-emnia

478 2782 670 2834 others.
898 2787 1251 2850 similitudine]
1293 2788 1676 2837 similitudinem
1718 2791 1779 2837 N.
1991 2788 2308 2848 transitione]
2353 2787 2684 2835 translatione
2718 2790 2773 2843 0.

478 2869 776 2917 transitione
799 2871 1126 2920 translatione
1150 2873 1203 2920 1..
1397 2871 1630 2933 exsistat]
1653 2876 1844 2919 constat
1872 2873 1917 2919 Κ
1948 2867 2077 2934 (text
2097 2868 2155 2917 in
2176 2870 2373 2930 marg).
2575 2869 2646 2918 ad
2666 2870 2773 2931 nos]

478 2950 549 2999 ad
586 2952 699 3001 deos
733 2956 784 3009 Ζ,
819 2956 996 3015 except
1027 2954 1096 3001 ad
1123 2967 1202 3003 eos
1232 2957 1295 3003 V.
1490 2954 1689 3015 affluat]
1724 2954 1895 3014 effluat
1923 2956 2067 3002 ENV.
2268 2953 2397 3013 cum]
2433 2955 2632 3009 mv,
2673 2958 2777 3000 tum

376 3041 452 3100 50
478 3034 681 3091 Bm,
703 3039 752 3082 et
774 3047 885 3082 cum
904 3037 958 3085 0.
1150 3035 1564 3096 intelleyentiam]
1588 3048 1691 3083 om.
1715 3038 1768 3084 0.
1963 3033 2173 3094 natura]
2196 3046 2299 3082 om.
2322 3036 2377 3082 ο.
2572 3048 2633 3081 ac
2655 3033 2773 3081 dili·

477 3115 635 3177 aenti]
670 3114 939 3178 diligentia
960 3119 1058 3167 ΒΚ.
1257 3117 1522 3178 ἰσονομίαν]
1544 3130 1770 3180 yconoyn
1789 3118 1852 3174 H,
1874 3129 2164 3178 yconomam
2184 3118 2244 3172 N,
2267 3116 2559 3163 isonomiam
2580 3113 2768 3165 others.

476 3197 751 3260 Epicurus]
785 3211 887 3247 om.
922 3200 982 3245 Κ.
1190 3197 1522 3259 aequabilem]
1565 3199 1825 3259 aequalem
1865 3200 1967 3246 Eo.
2174 3197 2487 3258 interimant]
2525 3198 2776 3246 intereant

375 3281 450 3340 51
478 3282 705 3331 ΠΟΟΒΥ.
886 3281 1011 3342 sint]
1030 3286 1149 3329 sunt
1170 3283 1266 3332 ΒΥ.
1455 3280 1538 3342 ea]
1559 3294 1661 3329 om.
1686 3283 1784 3329 no.
1958 3293 1993 3327 a
2012 3278 2177 3341 nobis]
2199 3292 2301 3327 om.
2325 3283 2380 3329 Ο.
2553 3279 2775 3327 omnib-us

477 3360 639 3423 bonis]
674 3362 872 3411 omnino
903 3361 1041 3410 bonis
1073 3362 1297 3411 omnibus
1315 3366 1376 3412 Υ.
1575 3361 1814 3423 coqitari]
1848 3375 1954 3414 eac.
1984 3364 2063 3412 10.
2263 3360 2395 3422 ayit]
2431 3360 2543 3421 ayit
2572 3360 2691 3408 deus
2721 3364 2775 3410 Ο.

474 3443 701 3506 molitur]
737 3444 962 3491 mollitur
993 3445 1054 3493 Κ.
1252 3442 1584 3506 exploratum]
1619 3443 1880 3503 exploratu
1913 3444 1967 3491 Β.
2167 3441 2297 3503 cum]
2336 3447 2440 3489 tum
2473 3443 2614 3490 ΠΟΥ.

373 3531 450 3590 52
570 3527 685 3578 XX.
748 3530 959 3579 mundus
1002 3529 1141 3592 deus]
1184 3529 1235 3579 d.
1280 3544 1344 3578 m.
1389 3533 1494 3579 EN.
1691 3529 2005 3591 admirabili]
2047 3529 2274 3577 mirabili
2310 3533 2364 3579 Ο.
2575 3529 2680 3578 sive
2718 3531 2778 3580 in

475 3609 604 3672 ipso]
635 3611 683 3658 si
718 3624 835 3659 uero
867 3611 927 3659 in
955 3611 1064 3672 ipso
1098 3612 1195 3671 ΒΚ,
1228 3611 1336 3659 siue
1368 3611 1476 3672 ipso
1505 3611 1565 3659 in
1595 3614 1657 3660 Υ.
1876 3609 2144 3671 hominum]
2178 3611 2396 3658 omnium
2424 3613 2479 3659 Ο.
2690 3612 2775 3673 ne]

374 3702 450 3761 53
476 3704 565 3740 nec
598 3696 703 3750 HV,
739 3696 848 3742 text
881 3695 959 3758 ΥῙ.
1144 3692 1353 3756 fabrica
1393 3699 1591 3755 tamque
1628 3692 1757 3755 eam]
1789 3692 2141 3755 fabricamque
2178 3705 2286 3740 eam
2321 3695 2427 3749 EN,
2462 3692 2777 3755 fabricatam

477 3786 587 3820 eam
620 3777 674 3830 1.,
699 3773 1012 3835 fabricatam
1045 3787 1247 3836 eamque
1283 3775 1343 3829 V,
1380 3775 1489 3821 text
1522 3776 1601 3838 Vl.
1792 3772 2025 3836 facilem]
2053 3772 2217 3835 facile
2251 3775 2351 3821 ΕΟ.
2559 3773 2775 3836 negatis]

376 3860 454 3920 54
478 3856 663 3913 negetis
700 3858 1072 3906 moon.
1307 3855 1784 3917 mundos...natura]
1828 3868 1927 3904 om.
1966 3858 2024 3904 Κ.
2254 3853 2414 3915 oram]
2459 3853 2635 3902 horam
2669 3856 2771 3904 ΗΟ.

478 3937 668 3998 ultimi]
708 3939 919 3986 ulterius
953 3941 1098 3999 ENV,
1145 3938 1375 3986 ultimam
1406 3941 1462 3988 0.
1686 3937 1866 3999 iyitur]
1907 3936 2079 3985 mundi
2122 3933 2226 3985 add
2267 3939 2384 4000 ⁰V1·
2602 3935 2776 3984 latitu-

481 4015 1060 4080 dinum...altitudinum]
1094 4031 1196 4068 om.
1241 4021 1295 4067 0.
1556 4018 1741 4080 tamen]
1791 4030 1890 4068 om.
1933 4020 1988 4074 0,
2028 4022 2131 4064 tum
2161 4018 2225 4073 H,
2260 4022 2363 4064 tam
2392 4017 2453 4072 lt,
2485 4028 2688 4063 causam
2720 4018 2777 4064 0.

483 4098 781 4162 efficiuntur]
812 4100 1138 4162 conficiuntur
1173 4103 1320 4149 uon.
1452 4101 1562 4163 eae]
1612 4101 1764 4150 haeae
1802 4102 1857 4157 Β,
1895 4099 1987 4148 hae
2024 4101 2157 4147 GRV.
2292 4097 2352 4145 in
2385 4095 2682 4157 cemicibus]
2718 4097 2780 4145 in

485 4189 586 4228 om.
620 4181 679 4228 Υ.
872 4181 1074 4244 twstris]
1118 4182 1297 4230 uestris
1335 4184 1441 4230 HN.
1638 4179 1904 4242 dominum]
1938 4180 2081 4228 deum
2117 4182 2171 4229 0.
2372 4182 2422 4225 et
2458 4177 2778 4239 conitantem]
