3150 4700
459 229 543 294 34
1222 245 1318 294 ns
1360 244 1646 302 NATURA
1688 247 1997 300 osonum.

455 410 619 469 sum,
648 389 823 470 unde
851 391 936 457 ad
971 391 1129 458 istas
1171 393 1506 480 opiniones
1533 403 1750 461 vester
1791 397 1903 465 ille
1944 395 2241 482 princeps
2269 394 2537 463 venerit.
2628 394 2763 463 Sed

455 494 732 561 clamare
777 519 910 562 non
971 497 1268 564 desinitis
1324 500 1739 566 retinendum
1797 501 1920 567 1100
1977 523 2131 580 esse,
2179 501 2339 569 deus
2396 507 2476 566 ut
2530 499 2763 569 beatus

454 596 965 688 immortalisque
996 602 1101 669 sit.
1194 602 1368 683 Quid
1399 612 1621 669 autem
1651 604 1881 684 obstat,
1910 626 2040 690 quo
2067 603 2285 671 minus
2314 602 2402 669 sit
2429 602 2678 680 beatus,
2706 601 2764 667 si

456 726 588 770 non
615 706 704 772 sit
732 706 918 793 bipes
941 711 968 773 2
1010 716 1128 774 aut
1166 708 1313 793 ista²
1344 708 1481 774 sive
1510 708 1792 775 beatitas
1820 708 1957 775 sive
1994 707 2331 775 beatitudo
2361 705 2635 773 dicenda
2663 712 2764 773 est

457 813 832 899 (utrumque
861 814 1126 879 omnino
1156 814 1411 893 durum,
1444 814 1557 880 sed
1588 836 1711 879 usu
1738 813 2090 880 mollienda
2116 812 2303 878 nobis
2330 811 2529 878 verba
2561 809 2761 893 sunt),
2827 838 2861 901 5

454 935 681 980 verum
712 938 804 995 ea,
835 938 1278 1004 quaecumque
1309 925 1425 996 est,
1453 939 1568 982 cur
1596 925 1713 982 aut
1741 917 1812 981 in
1842 917 2042 982 solem
2080 916 2269 983 illum
2312 921 2430 980 aut
2472 913 2544 978 in
2585 913 2762 983 hunc

454 1019 773 1085 mundum
804 1021 969 1086 aut
950 1043 1021 1085 m
1048 1021 1336 1106 aliquam
1363 1031 1657 1087 mentem
1698 1029 2031 1087 aeternam
2074 1020 2283 1106 figura
2324 1016 2760 1135 membrisque

353 1136 429 1196 96
455 1124 731 1209 corporis
776 1147 1045 1190 vacuam
1098 1125 1326 1191 cadere
1381 1147 1514 1191 non
1571 1129 1834 1212 potest?
1924 1125 2111 1191 Nihil
2161 1124 2340 1189 aliud
2387 1122 2548 1193 dicis
2597 1120 2760 1186 nisi.

453 1228 870 1317 ‘Numquam
900 1230 1036 1296 vidi
1063 1231 1264 1296 solem
1293 1239 1412 1297 aut
1438 1231 1761 1296 mundum
1788 1229 2108 1299 beatum’.
2177 1228 2396 1309 Quid?
2438 1225 2760 1295 mundum

453 1342 710 1418 praeter
757 1335 932 1401 huno
981 1358 1377 1422 umquamne
1425 1336 1691 1403 vidisti?
1777 1335 2085 1421 Negabis.
2174 1335 2310 1401 Gur
2366 1333 2572 1420 igitur
2626 1352 2758 1397 non
2791 1363 2866 1402 10

450 1447 740 1504 sescenta
796 1440 978 1506 milia
1035 1462 1173 1506 esse
1228 1440 1637 1519 mundorum,
1697 1440 1810 1506 sed
1868 1439 2367 1507 innumerabilia
2436 1457 2633 1504 ausus
2689 1456 2761 1500 es

451 1538 707 1608 dicere?
794 1549 812 1577 ‘
829 1543 1025 1609 Ratio
1064 1543 1326 1610 docuit’.
1416 1544 1588 1631 Ergo
1630 1545 1751 1611 hoc
1786 1553 1856 1610 te
1898 1545 2066 1613 ratio
2113 1567 2245 1611 non
2290 1544 2563 1621 docebit,
2608 1562 2758 1607 cum

452 1646 1006 1727 praestantissima
1032 1654 1269 1713 natura
1302 1657 1669 1734 quaeratur,
1699 1670 1903 1734 eaque
1932 1648 2128 1713 beata
2156 1655 2225 1713 et
2262 1657 2529 1712 aeterna
2566 1649 2758 1730 (quae

452 1745 587 1811 sola
615 1746 837 1814 divina
864 1759 1100 1814 natura
1128 1751 1273 1836 est),
1298 1759 1377 1816 ut
1405 1751 1902 1817 immortalitate
1930 1750 2267 1816 vincamur
2294 1750 2379 1815 ab
2401 1771 2481 1814 ea
2505 1756 2758 1823 natm-a,

450 1848 542 1914 sic
571 1850 772 1916 animi
800 1853 1198 1937 praestantia
1226 1853 1413 1933 vinci,
1443 1862 1643 1940 atque
1668 1862 1748 1920 ut
1776 1854 1995 1934 animi,
2021 1854 2181 1919 item
2210 1852 2535 1939 corporis?
2622 1849 2758 1917 Cur
2789 1881 2861 1943 15

450 1950 666 2037 igitur,
697 1976 848 2020 cum
886 1956 1116 2022 ceteris
1154 1956 1346 2022 rebus
1384 1957 1717 2023 inferiores
1759 1957 1979 2036 simus,
2007 1957 2215 2022 forma
2256 1978 2444 2042 pares
2486 1956 2757 2021 sumus?

448 2058 532 2124 ad
560 2059 1053 2128 similitudinem
1083 2062 1259 2126 enim
1288 2062 1555 2128 deorum
1584 2062 1847 2149 propius
1869 2061 2214 2127 accedebat
2241 2061 2531 2125 humana
2549 2058 2757 2124 virtus

351 2176 427 2237 9¹7
452 2185 649 2249 quam
677 2164 898 2252 figura.
984 2165 1256 2235 XXXV.
1342 2166 1495 2253 Ipsa
1522 2189 1675 2232 vero
1707 2189 1907 2254 quam
1945 2166 2113 2232 nihil
2149 2165 2234 2231 ad
2273 2187 2412 2231 rem
2453 2164 2757 2251 pertinet,

449 2289 617 2354 quae
665 2291 778 2335 vos
822 2268 1102 2336 delectat
1157 2270 1459 2350 maxime,
1507 2271 1901 2338 similitudo!
2017 2271 2240 2354 Quid?
2306 2270 2484 2337 canis
2539 2291 2755 2336 nonne

448 2374 677 2441 similis
705 2376 905 2462 lupo?
948 2384 1163 2463 atque,
1190 2384 1269 2441 ut
1298 2376 1568 2458 Ennius,
2784 2410 2866 2451 20

746 2520 955 2580 Simia
988 2537 1183 2593 quam
1216 2520 1480 2594 similis,
1517 2523 1935 2597 turpissuma
1969 2523 2202 2596 bestia,
2237 2523 2433 2582 nobis
2456 2525 2504 2602 l¹

447 2682 518 2741 at
544 2696 754 2742 mores
780 2675 847 2741 in
882 2683 1159 2762 utroque
1196 2675 1498 2764 dispares,
1592 2677 1959 2765 Elephanto
1998 2678 2338 2744 beluarum
2377 2677 2560 2744 nulla
2601 2698 2755 2763 pru·

348 2792 426 2853 98
448 2780 739 2860 dentior;
783 2788 854 2846 at
881 2780 1093 2867 figura
1120 2803 1287 2867 quae
1315 2784 1598 2849 vastior?
1655 2783 1759 2852 De
1787 2783 2011 2849 hestiis
2039 2784 2304 2869 loquor3
2338 2783 2495 2871 quid
2520 2788 2544 2850 ³
2581 2783 2756 2850 inter

448 2886 618 2973 ipsos
662 2886 956 2953 homines
1008 2909 1224 2953 nonne
1275 2895 1345 2953 et
1393 2888 1741 2954 simillimis
1797 2888 2020 2953 formis
2078 2888 2366 2974 dispares
2422 2909 2633 2954 mores
2683 2896 2754 2953 et

447 2995 733 3061 moribus
771 2993 1046 3081 paribus
1090 2994 1299 3080 figura
1353 2993 1727 3059 dissimilis?
1813 2991 2084 3058 Etenim
2142 2994 2200 3058 si
2244 2992 2462 3070 semel,
2517 2990 2750 3070 Vellei,
2782 3021 2857 3084 25

445 3098 829 3186 suscipimus
855 3120 1060 3186 genus
1088 3098 1210 3164 hoc
1237 3097 1625 3183 argumenti,
1654 3098 1939 3177 attende,
1967 3120 2097 3185 quo
2127 3105 2360 3184 serpat.
2435 3097 2537 3164 Τιι
2573 3096 2751 3166 enim

445 3202 743 3268 sumebas
792 3202 920 3267 nisi
970 3202 1043 3266 in
1086 3200 1370 3267 hominis
1419 3200 1630 3286 figura
1685 3199 2006 3265 rationem
2064 3199 2278 3265 inesse
2334 3220 2468 3270 non
2523 3220 2750 3285 posse;

330 3373 335 3380 ,
445 3313 660 3372 sumet
681 3304 846 3371 alius
874 3304 1001 3370 nisi
1030 3304 1101 3370 in
1129 3303 1434 3382 terrestri,
1465 3302 1594 3368 nisi
1621 3302 1693 3367 in
1722 3324 1818 3381 eo,
1846 3302 1962 3389 qui
1999 3309 2196 3369 natus
2232 3302 2338 3380 sit,
2367 3300 2496 3374 nisi
2537 3301 2609 3368 in
2652 3323 2749 3379 eo,

540 3533 575 3584 4
607 3534 741 3598 bipes
775 3532 1033 3595 ΔΒΕΤψ,
1070 3533 1224 3597 impes
1262 3531 1387 3594 081
1419 3530 1572 3583 Allan
1607 3529 1870 3599 (omitting
1898 3529 2036 3598 nom).
2166 3538 2242 3582 est
2270 3530 2335 3592 B,
2366 3537 2417 3583 st
2447 3529 2508 3591 G,
2538 3532 2610 3582 uit
2641 3534 2744 3592 GE,

441 3623 561 3669 em
579 3616 831 3673 ΔΕΜ-γ.
972 3616 1037 3667 10
1065 3630 1360 3680 umquamne
1380 3619 1426 3678 B,
1445 3613 1579 3674 odd„
1600 3630 1928 3680 numquamne
1950 3629 2053 3666 uss
2072 3615 2349 3679 generally.
2479 3615 2543 3665 12
2577 3616 2752 3666 docuit

444 3711 544 3751 uss
584 3699 858 3765 generally,
900 3700 1075 3764 inquit
1116 3700 1288 3750 docuit
1330 3699 1415 3751 Go
1452 3697 1645 3754 Heind.
1669 3698 1811 3754 fich.
1981 3700 2176 3750 docebit
2217 3713 2333 3758 uss,
2378 3699 2580 3750 ᾱοοοδαε
2624 3698 2748 3752 Sch.

446 3781 511 3832 14
542 3784 720 3834 divina
743 3790 931 3834 namra
955 3796 1055 3834 uss
1081 3782 1355 3846 generally,
1385 3783 1590 3832 divinae
1621 3788 1834 3832 naturae
1858 3780 1945 3832 El.
1966 3780 2090 3846 Beg.
2112 3780 2231 3832 Asc.
2263 3785 2437 3835 GRV—f·
2451 3817 2466 3842 ‚
2488 3783 2549 3832 in
2568 3782 2751 3833 divina

442 3862 870 3916 namraUBed.
907 3869 963 3916 0.
1092 3870 1168 3914 σοι
1196 3861 1578 3922 BE,nuntA0
1608 3863 1747 3913 Mus.
1779 3862 1971 3915 Heind.
2171 3863 2233 3915 17
2267 3862 2754 3914 damnasset

443 3945 573 4008 Mu..
596 3948 686 3998 deo
706 3959 806 3997 uss
828 3946 934 4006 Or„
957 3946 1040 3996 dei
1064 3944 1251 3996 Iamb-
1280 3943 1402 3996 8011.
1598 3944 1664 3993 18
1698 3942 1788 3997 Six
1814 3943 1947 3993 lines
1977 3940 2147 3994 which
2170 3942 2343 3994 follow
2361 3946 2540 4008 figura
2569 3941 2628 3993 in
2655 3943 2752 3995 the

444 4026 675 4079 mand
694 4023 1665 4089 oddhavebommnsposedtosu.
1835 4025 1902 4075 28
1933 4026 2177 4090 atflqwra
2197 4023 2588 4080 cnomffleh.
2615 4024 2750 4086 Mu„

441 4110 766 4174 adfiquram
804 4107 976 4159 xum·
1018 4107 1106 4158 Or.
1149 4108 1245 4161 Ba.
1482 4109 1547 4162 2⁵
1593 4108 1806 4173 paribus
1848 4105 1983 4171 coni.
2028 4106 2134 4169 ΕΙ..
2177 4121 2283 4161 om.
2332 4119 2432 4159 uss
2471 4107 2751 4172 generally,

440 4194 714 4243 simillimis
736 4191 787 4244 U
806 4191 892 4242 El.
915 4191 963 4243 G
983 4190 1109 4243 Bed-
1123 4190 1288 4248 ÷edd.
