3150 4700
390 295 395 301 ,
436 221 520 284 10
1107 194 1115 201 ⁹
1199 233 1294 283 m:
1336 232 1624 283 NATURA
1666 233 1978 283 DEORUM.

433 378 503 443 di
531 386 802 463 possunt
831 400 968 444 8888
997 379 1137 443 81118
1166 400 1377 455 8811811,
1404 386 1694 444 mentem
1722 400 1837 444 cur
1863 400 2069 464 aquae
2098 377 2201 462 adj
2214 377 2443 443 unxit?
2529 377 2737 447 Menti

433 488 645 544 autem
687 502 802 545 cur
844 502 1080 565 aquam
1121 480 1438 565 adjunxit,
1467 481 1521 545 si
1559 481 1703 566 ipsa
1731 503 1913 546 mens
1940 489 2230 546 constare
2259 489 2472 566 potest
2504 503 2733 548 vacans

432 590 740 669 corpore?
826 585 1301 650 Anaxima'ndri
1358 595 1584 650 autem
1641 585 1860 670 opinio
1918 593 2018 650 881
2074 585 2328 651 nativos
2386 607 2524 651 esse
2580 584 2733 650 deos

432 689 640 773 longis
682 689 1040 753 intervallis
1083 687 1363 753 orientes
1406 688 1910 773 occidentesque,
1954 709 2189 773 eosque
2231 685 2734 752 innumerabiles

433 815 571 857 esse
614 792 904 857 mundos
992 791 1125 858 Sed
1159 813 1276 855 1108
1310 788 1504 856 deum
1544 790 1671 855 nisi
1710 790 2176 876 sempiternum
2214 788 2588 875 intellegere
2617 789 2732 873 qui
2794 803 2832 864 5
2939 798 2962 815 ⁸

332 904 407 963 26
432 896 813 978 possumus?
900 892 1056 958 Post
1082 891 1520 958 Anaximenes
1548 899 1699 958 aera
1726 893 1923 958 deum
1956 893 2205 969 statuit,
2235 912 2512 977 eumque
2550 889 2732 1006 gigni

431 1016 698 1080 esseque
744 995 1135 1059 immensum
1180 1003 1248 1060 et
1290 994 1623 1059 infinitum
1662 1004 1731 1060 et
1759 1016 2011 1080 semper
2037 995 2108 1059 in
2137 1002 2357 1074 motu3
2402 993 2586 1078 quasi
2614 999 2734 1056 aut

431 1104 541 1161 aer
569 1098 707 1161 sine
736 1088 873 1162 11118
900 1097 1106 1162 forma
1133 1097 1293 1162 deus
1321 1118 1457 1161 esse
1497 1097 1717 1182 possit,
1745 1119 1894 1161 cum
1937 1096 2315 1182 praesertim
2357 1096 2554 1185 degm
2596 1116 2731 1161 non

431 1200 620 1266 modo
660 1201 894 1286 aliqua,
927 1202 1038 1266 sed
1080 1202 1512 1286 pulcherrima
1539 1203 1750 1288 specie
1779 1202 2004 1267 deceat
2031 1224 2186 1280 esse,
2213 1210 2330 1266 aut
2358 1223 2487 1265 non
2515 1221 2727 1278 omne,

429 1303 600 1387 quod
630 1312 844 1368 ortum
873 1303 976 1382 sit,
1006 1304 1364 1369 mortalitas
1394 1315 1836 1390 consequatur.
1923 1305 2039 1370 XL
2099 1304 2263 1369 Inde
2292 1304 2724 1387 Anaxagoras,
2759 1330 2834 1370 10

430 1406 543 1491 qui
589 1407 833 1492 accepit
877 1408 975 1472 ab‘
1005 1408 1409 1473 Anaximene
1455 1408 1879 1503 disciplinam,
1907 1409 2154 1494 primus
2192 1408 2483 1474 omnium
2510 1427 2727 1471 rerum

429 1511 910 1596 discriptionem
939 1520 1009 1576 et
1036 1511 1302 1576 modum
1331 1511 1569 1577 mentis
1601 1512 1898 1577 infinitae
1926 1512 1994 1577 vi
2022 1534 2096 1577 ae
2123 1509 2726 1595 rationedesignari

429 1623 497 1678 et
526 1614 750 1679 confici
779 1614 1018 1694 voluit3
1062 1614 1133 1707 in
1160 1635 1288 1699 quo
1317 1636 1448 1680 non
1469 1614 1638 1680 vidit
1666 1636 1878 1700 neque
1905 1624 2154 1680 motum
2186 1614 2403 1680 sensui
2419 1612 2726 1710 junctum

430 1725 498 1782 et
547 1718 987 1785 continentem
1042 1716 1114 1781 in
1172 1717 1425 1783 infinito
1484 1717 1692 1782 ullum
1750 1739 1887 1783 esse
1945 1739 2145 1803 posse,
2196 1738 2409 1802 neque
2466 1718 2724 1791 sensum

428 1820 690 1885 omnino
739 1820 811 1885 in
861 1843 928 1886 eo
974 1820 1140 1905 quod
1188 1843 1316 1885 non
1376 1821 1517 1906 ipsa
1564 1830 1803 1889 natura
1852 1820 2039 1906 pulsa
2096 1820 2381 1886 sentiret.
2469 1819 2724 1885 Deinde
2755 1835 2827 1897 15

427 1926 484 1989 81
527 1933 816 1989 mentem
859 1923 1052 1988 istam
1092 1923 1276 2008 quasi
1317 1923 1559 1988 animal
1601 1923 1862 2008 aliquod
1892 1922 2097 1988 voluit
2137 1945 2292 1999 esse,
2324 1922 2451 1988 erit
2471 1922 2725 2008 ’aliquid

427 2030 716 2107 1111811118,
747 2051 827 2094 ex
870 2051 998 2114 quo
1043 2029 1205 2094 illud
1248 2030 1488 2095 animal
1530 2030 1937 2110 nominetur3
1986 2029 2145 2115 quid
2189 2038 2411 2101 autem
2452 2028 2726 2097 interius
2768 2071 2776 2079 -

326 2139 400 2197 27
426 2138 691 2198 mente?
740 2134 1035 2217 cingatur
1072 2133 1277 2219 igitur
1320 2155 1577 2219 corpore
1629 2142 1912 2200 externo·
2003 2132 2192 2212 Quod
2236 2129 2543 2220 quoniam
2592 2156 2723 2198 non

426 2236 655 2320 placet,
690 2245 914 2321 aperta
956 2236 1357 2321 simplexque
1400 2256 1585 2300 mens
1626 2236 1808 2300 nulla
1851 2257 1920 2301 re
1963 2235 2286 2322 adjuncta,
2314 2256 2444 2320 qua
2486 2233 2723 2299 sentire

425 2337 640 2421 possit,
683 2337 903 2422 fugere
955 2336 1439 2422 intellegentiae
1482 2345 1738 2403 nostrae
1779 2336 1916 2402 vim
1960 2345 2029 2403 et
2069 2336 2400 2402 notionem
2444 2335 2720 2401 videt-ur.
2749 2355 2830 2395 20

426 2439 826 2504 Crotoniates
873 2449 1095 2504 autem
1139 2440 1463 2518 Alcman,
1507 2440 1622 2524 qui
1669 2440 1786 2504 soli
1837 2448 1907 2505 et
1956 2441 2150 2505 lunae
2201 2439 2594 2524 reliquisque
2637 2438 2724 2502 si-

425 2542 685 2607 deribus
727 2543 1073 2627 animoque
1117 2551 1452 2628 praeterea
1494 2543 1907 2608 divinitatem
1949 2543 2145 2620 dedit,
2174 2565 2305 2607 non
2344 2542 2548 2607 sensit
2582 2562 2721 2606 sese
2759 2599 2782 2620 ‚

425 2646 801 2710 mortalibus
843 2646 1035 2711 rebus
1076 2645 1631 2711 immortalitatem
1676 2646 1845 2711 dare.
1936 2646 2111 2711 Nam
2154 2645 2570 2731 PythagoraS,
2606 2642 2722 2729 qui

422 2748 673 2812 censuit
713 2748 1005 2814 animum
1049 2770 1184 2814 esse
1226 2771 1343 2834 per
1384 2758 1686 2815 naturam
1730 2771 1945 2813 rerum
1985 2771 2244 2813 omnem
2284 2748 2613 2813 intentum
2651 2753 2722 2810 et

422 2863 906 2929 commeantem,
949 2874 1031 2916 ex
1075 2874 1204 2937 quo
1244 2852 1448 2916 nostri
1492 2852 1696 2916 animi
1738 2860 2167 2936 carperentur,
2209 2873 2341 2915 non
2385 2851 2552 2916 vidit
2593 2849 2720 2915 dis-
2749 2861 2825 2921 25

420 2952 733 3018 tractione
775 2953 1205 3018 humanorum
1248 2954 1612 3018 animorum
1658 2953 1934 3038 discerpi
1979 2962 2047 3018 et
2089 2952 2354 3019 lacerari
2393 2953 2589 3018 deum
2629 2961 2717 3032 et,

420 3077 568 3119 cum
595 3055 814 3120 miseri
850 3056 1052 3119 animi
1090 3065 1321 3136 essent,
1368 3056 1539 3141 quod
1593 3056 1912 3141 plerisque
1952 3056 2370 3140 contingeret,
2416 3065 2562 3120 tum
2612 3056 2720 3120 dei

519 3196 549 3243 1
581 3210 743 3254 semu,
765 3202 972 3244 utentem
991 3193 1111 3255 Ed„
1135 3209 1283 3244 sensu
1305 3202 1353 3244 ct
1375 3201 1532 3244 mente
1560 3194 1753 3245 AB²OE
1778 3194 1938 3252 Mus„
1958 3209 2106 3245 semu
2126 3201 2178 3244 et
2196 3203 2404 3248 mentem
2424 3193 2508 3254 13¹,
2533 3198 2648 3246 visu
2668 3202 2720 3246 et

421 3282 577 3324 mente
607 3275 724 3325 Asc.
742 3286 812 3329 4.
945 3289 1037 3324 cur
1061 3289 1225 3337 aquae
1256 3274 1366 3335 BE,
1405 3289 1530 3323 cura
1562 3289 1691 3336 quae
1722 3274 1783 3335 A,
1821 3289 2038 3337 curaque
2071 3274 2208 3326 CBK.
2344 3276 2582 3338 adjunxit
2609 3288 2719 3326 om.

423 3358 562 3406 Cmt.
712 3357 1184 3418 Menti—adjunxit
1212 3371 1312 3408 om.
1354 3370 1491 3418 uss..
1540 3356 1622 3406 for
1650 3355 1739 3405 the
1767 3356 2006 3418 readings
2035 3356 2094 3406 of
2121 3356 2212 3407 the
2243 3355 2357 3407 edd.
2391 3371 2479 3406 see
2515 3356 2715 3408 Oomm.

424 3437 486 3485 12
519 3440 892 3502 discriptionem
911 3437 1103 3495 ΑΒΗ,
1133 3439 1544 3501 discrepationem
1575 3438 1674 3495 CB,
1707 3440 2085 3501 descriptionem
2113 3437 2158 3486 Ε
2175 3448 2246 3493 -ι-.
2373 3439 2570 3488 modum
2594 3452 2712 3500 1188,

422 3522 649 3569 mondum
669 3525 732 3579 B,
762 3521 997 3569 mundum
1020 3524 1058 3569 1.
1079 3519 1213 3581 Asc„
1250 3526 1433 3569 motum
1459 3519 1543 3570 Or.
1573 3519 1670 3568 Ba.
1703 3519 1821 3570 Sch.
1855 3519 1985 3569 after
2016 3518 2204 3581 Rigalt.
2339 3520 2597 3583 desiynari
2626 3521 2714 3570 GE

422 3602 579 3664 Mus„
610 3603 884 3663 dissiqnari
905 3601 994 3649 AB
1017 3600 1124 3651 Mu.
1326 3601 1388 3648 13
1419 3602 1588 3649 semi
1613 3599 1872 3650 Asc.VUE
1899 3603 2045 3662 (corr.
2073 3600 2137 3651 fr.
2163 3603 2354 3663 sensus)
2374 3600 2435 3663 B,
2461 3618 2608 3653 semu
2629 3604 2717 3654 Ao

421 3683 558 3732 Mus.
779 3682 843 3732 14
873 3684 1205 3733 continentem
1224 3680 1631 3741 Asccva,
1658 3683 2044 3731 incontinentem
2063 3680 2310 3734 xum».
2444 3684 2503 3731 in
2525 3682 2714 3744 OUBV,

421 3779 520 3815 om.
536 3764 671 3813 ABE
687 3764 820 3817 Mus.
958 3765 1020 3814 15
1051 3767 1110 3815 in
1125 3779 1180 3813 eo
1196 3766 1329 3826 quod
1341 3763 1460 3826 Ed„
1479 3779 1574 3826 quo
1593 3777 1691 3812 1188
1705 3762 1808 3812 and
1824 3762 1936 3814 edd.
2072 3764 2137 3814 17
2168 3765 2359 3814 animal
2372 3763 2714 3827 [Bijsc.÷,

420 3850 593 3896 anima
613 3848 844 3898 AOEBK.
1100 3848 1162 3896 18
1193 3849 1431 3909 cinyatur
1457 3846 1701 3903 XBm,
1724 3846 1947 3906 cinnitat-
1966 3843 2267 3896 Aecum.
2515 3846 2577 3896 19
2609 3862 2715 3909 qua

420 3927 587 3979 Bouh.
616 3928 749 3977 aster
769 3927 1040 3990 Augustin,
1072 3943 1200 3991 quae
1223 3941 1338 3978 1188.
1538 3928 1604 3977 20
1634 3928 1882 3977 notionem
1908 3940 2008 3975 1188
2029 3926 2303 3989 generally,
2332 3929 2625 3978 notitionan
2649 3928 2712 3980 Ο.

421 4008 485 4056 24
516 4011 709 4058 omnic
738 4010 880 4058 deum
913 4012 1135 4058 animum
1165 4008 1307 4058 Bake
1340 4007 1472 4070 coni.
1715 4007 1781 4056 24
1811 4009 1976 4057 νίν-ειη
2005 4021 2191 4057 omnem
2217 4007 2306 4055 AB
2326 4007 2526 4064 Asc.÷‚
2547 4023 2716 4059 rerum

418 4093 633 4140 omnium
653 4091 882 4149 GEUBc,
905 4093 1120 4140 omnium
1139 4094 1295 4141 mo.
1473 4091 1536 4140 25
1572 4097 1894 4153 carperentur
1914 4092 2057 4153 XBK,
2083 4098 2382 4155 caperentur
2400 4090 2713 4167 El.1‚,‚m.

420 4173 744 4222 distractiovoe
762 4184 880 4231 1188,
903 4174 1205 4224 detractione
1226 4172 1320 4223 Ba.
1350 4171 1483 4222 aster
1504 4170 1776 4222 Ruhnken.
