3150 4700
497 244 582 308 50
1102 257 1524 306 COLLA'noNS
1568 258 1656 306 οε·
1701 257 1994 305 ENGmsn
2039 257 2176 307 usq.

495 418 556 452 ac
588 402 782 452 others.
938 403 1260 465 dissensione]
1292 404 1342 451 d.
1366 405 1630 452 constituti
1663 408 1865 454 mov.
2024 405 2362 466 dinumerare]
2395 408 2447 464 c,
2474 417 2799 453 annumerare

496 489 667 545 m,
694 485 996 534 annuntiare
1016 488 1069 543 L,
1095 499 1375 533 enumerare
1398 489 1452 535 Ο.
1639 500 1756 534 nam
1776 487 1846 548 et]
1878 492 1927 535 et
1948 499 2051 535 om.
2075 491 2137 543 E,
2161 500 2371 549 uanique
2392 490 2452 536 R..
2640 486 2800 547 vitae]

495 573 545 614 et
572 567 689 615 uita
721 569 825 614 HV.
1022 565 1122 626 his]
1154 569 1209 623 B,
1247 566 1348 614 hiis
1370 569 1425 623 0,
1457 566 1526 614 iis
1558 569 1700 616 ROB..
1893 569 2029 629 vero]
2063 581 2163 616 non
2181 570 2241 616 lt.
2435 568 2646 615 maxime
2677 566 2799 626 rem]

495 661 597 696 rem
636 648 848 695 maxime
891 648 996 705 EN,
1038 647 1250 694 maxime
1289 659 1392 694 om.
1431 650 1546 696 tm.
1742 662 1846 697 rem
1888 650 2203 711 causamque]
2258 662 2460 697 causam
2500 663 2695 710 remque
2737 651 2798 697 V.

496 728 735 789 continet]
768 741 811 775 c.
847 732 919 774 est
953 730 1099 776 mv
1135 725 1225 791 (est
1259 739 1362 775 om.
1383 728 1487 792 ἦ).
1683 729 1819 777 nihil
1847 729 2025 790 ayant]
2059 743 2161 777 om.
2184 732 2253 778 κ.
2448 730 2604 791 nihil]
2636 729 2802 777 nichil

495 812 613 858 3Πο
635 806 843 869 passim.
1043 809 1199 869 omni]
1231 822 1300 857 an
1320 808 1385 855 ab
1404 809 1537 856 omni
1559 812 1721 868 mo,
1748 815 1796 857 et
1818 810 1951 857 omni
1973 813 2024 869 Ο,
2051 810 2115 857 ab
2137 811 2270 858 omni
2291 812 2350 859 V.
2518 811 2798 872 curatione]

495 889 742 936 creatione
762 891 816 937 1..
962 893 1012 936 et
1032 888 1486 949 administratione]
1519 894 1568 936 et
1591 902 1735 936 amm.
1758 892 1891 945 Bon,
1916 902 2018 937 om.
2042 891 2084 937 1.
2227 888 2412 951 rerum]
2443 903 2487 938 r.
2510 895 2720 937 naturae
2742 893 2797 937 ο.

495 969 586 1031 iis]
620 970 721 1018 hiis
753 972 845 1029 Bo,
874 969 952 1018 his
981 972 1242 1018 mv.
1437 975 1487 1018 et
1515 970 1791 1018 constituta
1820 970 1946 1031 sint]
1978 971 2084 1017 sint
2112 975 2161 1018 et
2189 984 2233 1018 c.
2262 972 2323 1018 lt.
2517 970 2797 1033 infinitum]

484 1054 695 1116 finitum
731 1055 773 1101 1.
985 1052 1191 1114 tempus]
1225 1063 1328 1099 om.
1367 1055 1420 1101 1..
1629 1051 1889 1113 reflantur]
1920 1058 2162 1112 reyuntur
2199 1054 2242 1110 1,
2281 1056 2458 1112 reflant
2490 1055 2544 1101 1..
2740 1052 2800 1098 in

489 1133 693 1196 primis]
726 1137 779 1193 0,
804 1132 1132 1195 inprimisque
1153 1134 1575 1182 monn.
1741 1133 1836 1194 est]
1869 1146 1971 1182 om.
1993 1136 2046 1182 1..
2202 1133 2379 1194 eaque]
2411 1147 2472 1180 ea
2492 1146 2622 1193 quae
2643 1135 2796 1180 m.

494 1216 620 1278 nisi]
651 1229 754 1264 om.
786 1219 841 1265 1..
1041 1215 1377 1277 diiudicatur]
1408 1215 1718 1263 diiudicetur
1748 1218 1874 1280 HV„
2080 1216 2141 1263 in
2169 1215 2373 1276 summo]
2405 1216 2463 1262 in
2495 1227 2598 1263 om.
2640 1217 2702 1273 Ε,
2738 1214 2799 1261 in

494 1310 672 1357 magno
692 1299 752 1345 lt.
946 1301 1097 1357 atque
1118 1294 1196 1356 in]
1227 1295 1287 1344 in
1306 1308 1409 1343 om.
1431 1298 1491 1344 R..
1687 1295 2022 1357 iynoratione]
2054 1296 2247 1344 actione
2267 1299 2322 1345 1..

432 1397 470 1456 3
591 1400 664 1450 ΙΙ.
729 1401 924 1449 omnino
952 1414 1004 1448 n.
1029 1399 1203 1449 habere
1233 1399 1502 1462 censerent]
1537 1400 1712 1448 habere
1747 1412 1850 1448 om.
1884 1403 1952 1458 u,
1987 1414 2031 1448 c.
2057 1415 2185 1449 omn.
2213 1414 2267 1449 n.
2296 1402 2345 1450 h.
2377 1404 2439 1451 R.
2633 1416 2798 1451 rerum

497 1483 841 1545 humanarum]
876 1484 1007 1531 hum.
1028 1496 1074 1531 r.
1096 1486 1173 1532 Π..
1377 1483 1799 1544 procurationem]
1826 1484 2215 1544 procreationem
2234 1487 2287 1533 1..
2434 1486 2680 1533 sententia
2700 1487 2795 1549 est]

496 1570 570 1612 est
589 1564 835 1611 sententia
856 1565 978 1611 ΗΠ..
1161 1560 1335 1623 atque]
1368 1576 1427 1610 ac
1448 1564 1508 1611 V.
1689 1562 1954 1611 tribuenda
1975 1563 2175 1610 deor-um
2193 1564 2410 1625 numini]
2434 1564 2483 1611 d.
2507 1578 2557 1612 n.
2583 1570 2647 1612 tr.
2670 1567 2793 1613 ml..

494 1643 980 1704 animadvertuntur]
1011 1643 1482 1692 attimaduertantur
1516 1646 1660 1693 mv.
1889 1643 1979 1705 iis]
2011 1643 2091 1692 his
2119 1646 2283 1703 Bm,
2325 1645 2427 1692 hiis
2459 1649 2509 1693 et
2534 1646 2583 1694 si
2618 1646 2718 1694 hiis
2739 1649 2792 1695 0.

496 1726 624 1788 deis]
670 1729 726 1786 B,
768 1725 869 1773 diis
913 1727 1007 1785 GV,
1053 1725 1134 1779 dis
1174 1728 1236 1774 R.
1429 1726 1620 1787 yeneri]
1673 1726 1846 1786 aratia
1888 1729 1931 1775 1.
2135 1727 2239 1788 sin]
2292 1728 2339 1775 si
2380 1732 2444 1777 Ε.
2637 1742 2795 1790 neque

489 1807 718 1871 possunt]
750 1820 851 1855 non
877 1820 935 1868 p.
972 1809 1034 1855 lt.
1239 1819 1329 1855 nos
1364 1806 1561 1868 iuvare]
1608 1820 1695 1856 nos
1733 1807 1979 1856 adiuuare
2014 1810 2146 1857 nmo
2186 1806 2296 1869 (the
2333 1807 2436 1856 last
2469 1807 2674 1870 placing
2706 1807 2795 1857 the

495 1886 659 1938 words
701 1886 835 1936 after
868 1884 1079 1951 volunt),
1127 1899 1216 1936 nos
1247 1900 1351 1936 om.
1387 1890 1447 1945 V,
1482 1890 1603 1936 rest.
1637 1890 1718 1953 Vl.
1900 1889 2009 1950 nec]
2052 1902 2208 1950 neque
2250 1892 2513 1939 moa.
2706 1904 2794 1939 nec

495 1971 715 2033 omnino]
746 1983 902 2031 neque
922 1983 1049 2018 onan.
1071 1972 1133 2018 R.
1283 1983 1373 2018 nec
1394 1970 1540 2032 quid]
1572 1984 1634 2018 ne
1656 1970 1784 2031 quid
1803 1974 1855 2029 0,
1878 1985 2035 2033 neque
2055 1972 2184 2033 quid
2203 1972 2288 2020 n:
2414 1973 2524 2034 nec]
2557 1986 2711 2034 neque
2733 1975 2793 2021 R..

496 2053 649 2116 quod]
680 2053 882 2115 quidem
911 2055 964 2101 Ι..
1158 2050 1224 2100 ab
1254 2051 1345 2112 iis]
1376 2052 1441 2099 ab
1463 2052 1563 2100 hiis
1586 2054 1724 2107 3110,
1747 2052 1812 2099 ab
1834 2052 1912 2100 his
1933 2054 1993 2101 V.
2180 2054 2496 2115 permanare]
2518 2056 2793 2109 mGBV,

491 2148 777 2197 permanere
799 2130 978 2192 mh
998 2133 1262 2194 peruenire
1284 2132 1366 2181 11².
1529 2132 1662 2194 quod
1692 2133 1842 2194 ullos]
1873 2139 1933 2180 ut
1963 2133 2093 2181 ullos
2114 2136 2168 2192 Ο,
2195 2138 2254 2181 ut
2281 2134 2396 2182 illos
2416 2137 2469 2192 L,
2496 2140 2556 2181 ut
2585 2135 2720 2182 ullus
2751 2137 2793 2193 1,

495 2219 626 2266 ullos
660 2231 763 2266 om.
784 2220 889 2266 lm.
1089 2217 1279 2278 preces]
1306 2229 1505 2278 praeces
1528 2218 1640 2264 Π.
1824 2217 2003 2278 specie]
2035 2230 2119 2278 spe
2150 2219 2210 2265 lt.
2407 2217 2594 2280 autem]
2625 2231 2730 2267 om.
2750 2221 2791 2267 1.

497 2301 853 2362 simulationis]
889 2299 1227 2347 simulationes
1262 2300 1323 2346 Κ.
1517 2297 1660 2360 item]
1702 2299 1835 2358 BE,
1874 2298 1956 2346 ita
1989 2301 2219 2356 UNOEV,
2244 2301 2353 2348 text
2389 2301 2469 2366 V„
2666 2301 2794 2363 cum]

434 2378 475 2436 4
502 2382 557 2428 in
591 2383 651 2429 lt.
844 2379 970 2441 qua]
1003 2391 1101 2427 om.
1141 2381 1194 2427 Ι..
1388 2377 1559 2439 simul]
1591 2378 1743 2425 simul
1776 2384 1826 2426 et
1856 2380 1916 2426 V.
2111 2379 2181 2440 et]
2214 2392 2316 2427 om.
2350 2383 2442 2430 Lo.
2640 2381 2795 2442 haud]

498 2466 589 2508 aut
610 2463 664 2518 B,
693 2461 816 2508 haut
836 2461 897 2507 Κ.
1079 2456 1233 2520 fides]
1264 2462 1314 2505 et
1323 2457 1455 2519 fides
1475 2461 1528 2507 1..
1713 2462 1763 2505 et
1782 2458 2012 2521 societas]
2042 2460 2344 2522 societasque
2366 2464 2419 2510 0.
2603 2462 2795 2521 generis

501 2543 727 2604 humani]
761 2543 809 2590 h.
831 2554 881 2602 9.
903 2544 980 2590 Π..
1111 2540 1544 2601 excellentissima]
1578 2539 1818 2588 excellens
1840 2543 1903 2589 Ε.
2033 2542 2216 2603 virtus]
2249 2555 2350 2590 om.
2372 2545 2433 2591 lt.
2568 2543 2794 2604 tollatur]

502 2621 743 2669 tollantur
772 2623 833 2669 N.
1027 2619 1212 2681 autem]
1246 2632 1348 2667 om.
1381 2622 1422 2678 1,
1460 2621 1615 2668 etiam
1644 2622 1698 2675 1.‚
1731 2625 1779 2667 et
1813 2622 1867 2668 Ο.
2074 2620 2194 2682 alii]
2227 2626 2276 2669 et
2307 2622 2405 2668 alii
2436 2624 2534 2671 no.
2727 2622 2794 2683 ii]

501 2703 556 2751 hi
578 2705 715 2758 mv,
740 2703 816 2750 hii
839 2705 891 2751 0.
1085 2700 1454 2763 administrari]
1485 2701 1808 2749 administrat
1828 2704 1882 2749 1..
2044 2703 2172 2763 regi]
2206 2715 2309 2750 om.
2331 2706 2385 2752 1..
2544 2703 2794 2763 censeant]

499 2783 720 2830 sentiant
742 2785 866 2841 mo,
891 2788 1120 2830 senceant
1143 2785 1197 2831 0.
1364 2782 1428 2830 ab
1453 2781 1627 2842 isdem]
1660 2781 1723 2828 ab
1746 2781 1935 2829 hisdem
1954 2784 2033 2838 31,
2055 2782 2124 2829 ad
2145 2783 2346 2831 hisolem
2365 2786 2424 2842 B,
2450 2784 2516 2831 ab
2536 2784 2716 2832 eisdem
2734 2787 2793 2833 V.

503 2864 752 2911 hominum
781 2862 938 2924 vitae]
972 2863 1022 2911 h.
1054 2863 1217 2910 uitam
1247 2865 1289 2922 1,
1325 2862 1467 2910 uitae
1501 2863 1628 2910 hom·
1660 2863 1721 2910 V.
1915 2867 1964 2909 et
1986 2863 2184 2923 fruges]
2230 2862 2366 2911 after
2390 2865 2568 2925 pariat
2602 2867 2663 2920 lt,
2690 2877 2793 2912 om.

500 2949 548 2991 et
582 2945 642 2991 R..
832 2942 1052 3005 reliqua]
1099 2954 1203 2991 om.
1236 2940 1423 2991 lacuna
1468 2946 1523 2992 1..
1710 2944 1909 3006 pariat]
1934 2950 2117 3006 pareat
2150 2947 2193 3001 1,
2220 2949 2376 3005 parat
2411 2946 2472 2991 Κ.
2681 2950 2793 2991 tem-

493 3023 732 3087 pestates]
788 3029 1046 3086 tempestas
1089 3026 1145 3073 B.
1355 3025 1523 3073 omnia
1564 3026 1712 3086 quae]
1766 3026 1987 3074 omnibus
2028 3028 2089 3073 Η.
2284 3025 2482 3086 yiynat]
2534 3024 2698 3085 9i9nit
2739 3028 2795 3074 0.

491 3105 784 3168 pubescant]
808 3105 1082 3166 pubescunt
1102 3108 1161 3165 V,
1188 3107 1296 3154 text
1316 3108 1398 3169 Vl.
1571 3106 1741 3164 yeneri
1778 3106 2011 3168 humano]
2045 3106 2096 3153 Ιι.
2117 3120 2167 3166 9.
2190 3109 2350 3156 mc.
2545 3107 2796 3167 multaque

500 3187 649 3249 quae]
679 3187 837 3234 nndta
857 3200 1080 3248 quaeque
1101 3189 1164 3245 H,
1186 3186 1427 3247 miliaque
1448 3189 1503 3235 1..
1634 3186 1783 3247 quae]
1817 3199 1921 3235 om.
1945 3190 1997 3234 ο.
2142 3186 2392 3248 dicentur]
2424 3186 2660 3234 dicuntur
2679 3190 2795 3236 tm.

498 3270 577 3331 ut]
614 3270 674 3318 in
714 3273 777 3329 H,
818 3275 868 3317 et
908 3272 969 3317 Η.
1152 3268 1425 3331 fabricati]
1464 3268 1719 3330 fabricari
1753 3271 1884 3325 mv,
1919 3270 2030 3316 text
2061 3271 2143 3333 Vl.
2332 3269 2512 3330 paene]
2549 3281 2676 3329 pene
2709 3272 2792 3328 1v,

502 3351 616 3401 bene
636 3355 728 3410 Lo,
743 3365 898 3414 poene
919 3354 988 3400 Β.
1149 3352 1250 3412 ita]
1283 3365 1385 3401 om.
1409 3355 1530 3410 mo,
1556 3352 1616 3399 in
1637 3354 1743 3400 01.
1904 3351 2162 3413 disseruit]
2194 3350 2395 3399 disserit
2414 3354 2477 3410 H,
2498 3351 2712 3398 diseruit
2731 3353 2793 3410 K,

440 3438 476 3497 5
502 3434 717 3482 deseruit
746 3436 807 3482 lt.
999 3432 1239 3493 socordes]
1271 3432 1487 3480 secordes
1520 3434 1691 3491 mv,
1730 3444 1832 3480 om.
1872 3429 2059 3480 lacuna.
2089 3435 2142 3481 1..
2350 3431 2501 3492 eriim]
2544 3444 2647 3480 om.
2680 3434 2796 3479 110.

504 3520 641 3563 tanto
662 3515 824 3577 opere]
858 3521 961 3563 tam
981 3529 1120 3577 opere
1141 3517 1195 3572 B,
1224 3519 1474 3576 tantopere
1496 3516 1556 3562 Κ.
1721 3514 2137 3575 indocti...docti]
2171 3513 2561 3563 docti...indocli
2584 3516 2797 3562 mc.

499 3595 813 3657 dissidentes]
861 3595 1131 3656 diffidentes
1172 3598 1268 3644 m.
1469 3595 1594 3657 fieri
1628 3595 1872 3656 projecto]
1909 3609 1994 3657 pr.
2016 3594 2140 3657 fleri
2171 3597 2231 3643 V.
2443 3594 2609 3655 nulla]
2653 3594 2802 3641 nulla

500 3677 571 3724 sit
591 3679 680 3725 m.
872 3676 993 3737 non]
1022 3689 1123 3725 non
1130 3676 1253 3739 fieri
1273 3678 1318 3725 1.
1510 3689 1632 3723 vera
1651 3676 1741 3737 sit]
1772 3676 1841 3724 sit
1862 3689 1985 3724 uera
2005 3677 2048 3724 1.

598 3788 699 3838 111.
765 3790 888 3852 qua]
920 3804 1073 3851 quare
1101 3793 1155 3839 1..
1349 3789 1428 3852 in]
1460 3803 1562 3840 om.
1590 3793 1651 3839 R.
1859 3790 2128 3852 benevolos]
2150 3793 2210 3849 R,
2239 3790 2488 3838 beniuolos
2510 3787 2581 3838 all
2603 3787 2798 3838 others.

502 3871 857 3932 obiuraatores]
898 3871 1262 3931 obiurqationes
1299 3873 1383 3919 nc.
1578 3871 1957 3933 vituperatores]
1993 3871 2387 3932 uituperationes
2420 3873 2480 3919 lt.
2682 3885 2800 3932 pos·

502 3953 687 4013 sumus]
713 3952 956 4013 possimus
976 3954 1038 3999 H.
1232 3951 1467 3999 didicisse
1487 3952 1559 4013 se]
1591 3965 1641 3999 se
1663 3964 1767 3998 om.
1790 3954 1903 4010 Eo,
1930 3964 1980 3998 se
2003 3950 2237 3998 didicisse
2258 3953 2317 3999 V.
2512 3949 2799 4011 admonent]

504 4049 647 4084 amm.
669 4037 723 4094 B,
748 4039 1023 4082 amnwuent
1044 4036 1140 4083 GR.
1346 4034 1570 4095 inimice]
1602 4035 1790 4082 minute
1812 4035 1854 4082 1.
2062 4032 2394 4093 insectantur]
2423 4031 2735 4079 insectuntur
2754 4035 2801 4090 1,

442 4117 478 4176 6
504 4120 758 4164 sectantur
777 4117 836 4162 N.
1030 4113 1321 4175 repellendi]
1351 4114 1735 4175 reprehendendi
1757 4117 1820 4173 H,
1845 4113 2016 4177 repell.
2038 4118 2155 4160 sunt
2175 4115 2236 4161 N.
2366 4112 2654 4172 contplures]
2687 4115 2797 4172 ou,

506 4208 618 4243 eum
649 4195 821 4257 plures
862 4196 1027 4242 Bm.
1235 4194 1499 4256 edidimus]
1547 4195 1735 4243 edimus
1777 4197 1837 4243 Ν.
2032 4194 2324 4254 var-Iumque
2371 4191 2654 4254 sernwnem]
2685 4206 2803 4241 uar.
