3150 4700
770 263 900 313 Lm.
947 264 975 311 1
1020 262 1165 313 cu.
1211 263 1744 314 xxm—xxm
1789 247 1868 333 ἐξ
1909 250 2184 314 89-95.
2559 251 2643 313 33

339 428 637 494 quaeque
680 406 1139 495 procreationis
1181 429 1374 474 causa
1414 417 1653 474 natura
1694 409 1942 496 corpori
1979 407 2251 489 affinxit,
2288 430 2367 473 ea
2408 407 2645 473 frustra

344 512 613 579 habebit
640 512 815 592 deus,
845 535 966 578 nec
996 520 1264 579 externa
1291 512 1497 599 magis
1541 535 1739 598 quam
1782 512 2104 590 interiora,
2136 535 2258 591 cor,
2286 511 2643 599 pulmones,

332 616 535 702 jecur,
579 624 815 696 cetera,
861 639 1029 702 quae
1071 617 1367 684 detracta
1403 618 1696 684 utilitate
1737 618 1898 704 quid
1955 619 2201 685 habent
2241 618 2643 684 venustatis?

349 720 876 807 quandoquidem
904 722 1066 787 haec
1094 744 1230 789 esse
1260 722 1331 787 in
1360 723 1481 788 deo
1508 731 1774 810 propter
1800 724 2351 810 pulchritudinem
2377 724 2594 790 vultis.

263 845 297 906 5
462 823 701 889 Istisne
741 823 1017 890 fidentes
1056 825 1321 890 somniis
1354 847 1486 890 non
1529 826 1721 892 modo
1766 826 2082 912 Epicurus
2126 835 2194 893 et
2237 827 2640 893 Metrodorus
2665 834 2742 894 93

338 937 408 994 et
437 926 882 995 Hermarchus
922 937 1149 995 contra
1188 929 1642 1016 Pythagoram,
1674 930 2017 996 Platonem
2060 931 2643 1017 Empedoclemque

336 1033 658 1112 dixerunt,
687 1022 811 1099 sed*
830 1034 1240 1099 meretricula
1270 1036 1470 1099 etiam
1498 1034 1847 1100 Leontium
1876 1041 2100 1100 contra
2125 1035 2641 1121 Theophrastum

333 1137 610 1203 scribere
666 1160 825 1203 ausa
882 1141 1026 1203 est?
1084 1137 1243 1203 scito
1295 1138 1409 1202 illa
1453 1136 1721 1223 quidem
1770 1159 2064 1203 sermone
2112 1145 2183 1203 et
2230 1139 2471 1218 Attico,
2528 1137 2642 1204 sed

336 1247 579 1308 tamen.
663 1239 955 1306 Tantum
1000 1241 1265 1328 Epicuri
1309 1240 1536 1321 hortus
1581 1239 1816 1305 habuit
1873 1240 2194 1307 licentiae
2276 1241 2368 1306 Et
2421 1242 2641 1307 soletis

227 1371 302 1411 10
336 1344 561 1429 queri;
597 1344 771 1409 Zeno
815 1343 1082 1428 quidem
1127 1343 1327 1408 etiam
1369 1342 1686 1428 litigabat.
1773 1342 1950 1438 Quid
1994 1343 2205 1408 dicam
2246 1343 2640 1410 Albucium?

335 1444 518 1508 Nam
547 1444 843 1511 Phaedro
872 1444 1039 1510 nihil
1082 1444 1460 1530 elegantius,
1489 1443 1656 1508 nihil
1700 1443 2085 1525 humanius3
2127 1444 2241 1510 sed
2283 1445 2642 1510 stomacha-

335 1545 531 1611 batur
558 1568 775 1626 seneX,
798 1546 853 1612 si
883 1546 1041 1633 quid
1070 1545 1357 1631 asperius
1385 1544 1694 1622 dixeram,
1716 1566 1864 1609 cum
1889 1545 2206 1630 Epicurus
2225 1546 2640 1613 Aristotelem

336 1648 589 1714 vexarit
630 1649 1290 1728 contumeliosissime,
1316 1648 1652 1715 Phaedoni
1690 1648 2013 1716 Socratico
2057 1650 2428 1735 turpissime
2468 1651 2641 1717 male

333 1751 591 1831 dixerit,
619 1753 991 1833 Metrodori,
1022 1754 1256 1819 sodalis
1290 1753 1407 1832 sui,
1437 1754 1725 1834 fratrem,
1752 1754 2204 1835 Timocratem,
2233 1756 2390 1841 quia
2425 1757 2641 1829 nescio

229 1888 299 1948 15
336 1855 495 1939 quid
535 1856 608 1921 in
647 1856 1058 1943 philosophia
1100 1856 1485 1936 dissentiret,
1511 1856 1668 1922 totis
1696 1857 2138 1923 voluminibus
2178 1858 2543 1938 conciderit,
2569 1859 2642 1924 in

332 1957 779 2023 Democritum
821 1958 1054 2044 ipsum,
1096 1980 1292 2044 quem
1335 1967 1594 2026 secutus
1638 1969 1754 2038 est,
1797 1961 1995 2027 fuerit
2048 1962 2356 2048 ingratus,
2401 1963 2469 2028 N
2471 1962 2640 2028 ausi-

329 2060 634 2147 phanem,
654 2063 1035 2148 magistrum
1057 2085 1264 2142 suum,
1287 2086 1328 2129 a
1346 2086 1477 2150 quo
1493 2064 1660 2130 nihil
1682 2065 2011 2145 didicerat,
2032 2077 2172 2132 tam
2189 2068 2361 2134 male
2383 2089 2648 2155 accepe-

329 2168 443 2234 rit.
526 2168 837 2235 XXXIV.
888 2169 1062 2234 Zeno
1092 2169 1359 2254 quidem
1381 2192 1512 2235 non
1535 2191 1643 2236 eos
1666 2170 1893 2250 solum,
1915 2170 2031 2257 qui
2051 2180 2196 2237 tum
2219 2180 2419 2252 erant,
2440 2172 2644 2259 Apol-

330 2274 646 2356 lodorum,
680 2274 910 2353 Silum,
935 2281 1194 2354 ceteroS,
1225 2274 1467 2361 figebat
1493 2275 1872 2355 maledictis,
1897 2276 2011 2341 sed
2043 2276 2373 2343 Socratem
2406 2278 2639 2364 ipsum,

227 2417 305 2456 20
332 2387 668 2464 parentem
714 2378 1177 2464 philosophiae,
1227 2377 1464 2443 Latino
1510 2379 1709 2444 verbo
1767 2386 1961 2444 utens
2007 2401 2291 2445 scurram
2343 2380 2641 2446 Atticum

330 2481 530 2548 fuisse
565 2481 837 2560 dicebat,
872 2481 1310 2567 Chrysippum
1336 2503 1697 2567 numquam
1729 2482 1859 2547 nisi
1889 2482 2320 2570 Chrysippam
2354 2484 2640 2550 vocabat.

330 2586 433 2651 Tu
460 2586 599 2673 ipse
625 2585 818 2673 paulo
847 2593 1020 2667 ante,
1048 2608 1197 2650 cum
1225 2594 1563 2672 tamquam
1593 2594 1892 2652 senatum
1926 2588 2454 2675 philosophorum
2480 2590 2634 2655 reci·
2664 2599 2743 2660 94

331 2698 521 2770 tareS,
564 2711 861 2757 summos
891 2690 1062 2756 viros
1105 2689 1413 2777 desipere,
1457 2690 1751 2769 delirare,
1796 2692 2130 2760 dementes
2182 2715 2322 2761 esse
2368 2694 2646 2763 dicebas.

333 2796 629 2879 Quorum
658 2796 714 2862 si
742 2817 934 2862 nemo
962 2817 1191 2862 verum
1219 2795 1385 2861 vidit
1413 2796 1495 2861 de
1535 2805 1772 2862 natura
1812 2798 2097 2878 deorum,
2130 2799 2481 2864 verendum
2524 2807 2640 2877 est,

228 2938 301 2999 25
333 2923 419 2967 ne
447 2900 630 2965 nulla
657 2900 744 2965 sit
772 2898 1053 2966 0111111110.

462 3006 640 3071 Nam
669 3004 815 3085 ista,
848 3026 1014 3091 quae
1043 3026 1157 3069 vos
1184 3003 1415 3083 dicitis,
1447 3012 1603 3070 sunt
1634 3012 1776 3071 tota
1815 3006 2278 3085 commenticia,
2307 3006 2418 3072 vix
2447 3006 2645 3092 digna

330 3111 781 3178 lucubratione
808 3109 1212 3176 anicularum
1238 3132 1257 3190 ;
1297 3130 1428 3173 non
1464 3108 1641 3173 enim
1677 3108 1953 3189 sentitis,
1985 3131 2181 3194 quam
2222 3109 2434 3175 multa
2459 3108 2642 3174 vobis

333 3197 744 3301 suscipienda
784 3214 932 3291 sint,
961 3213 1019 3279 si
1056 3211 1498 3298 impetraritia
1531 3221 1610 3277 ut
1652 3213 2076 3279 concedamus
2119 3213 2391 3280 eandem
2434 3214 2642 3279 homi-

333 3341 497 3385 num
525 3339 667 3384 esse
693 3325 761 3384 et
788 3317 1062 3383 deorum
1087 3316 1385 3404 figuram.
1469 3316 1701 3383 Omnis
1728 3318 1945 3383 cultus
1976 3327 2047 3384 et
2074 3318 2320 3384 curatio
2363 3320 2641 3405 corporis

226 3455 309 3512 30
334 3426 459 3491 erit
504 3424 732 3490 eadem
774 3422 1142 3489 adhibenda
1182 3422 1324 3503 deo,
1370 3443 1538 3507 quae
1589 3421 1937 3488 adhibetur
1991 3422 2256 3502 homini,
2300 3423 2640 3509 ingressus,

334 3549 578 3609 cursus,
610 3527 944 3607 accubitio,
973 3525 1327 3606 inclinatio,
1356 3525 1571 3606 sessio,
1617 3526 2118 3612 comprehensiO,
2147 3526 2231 3593 ad
2275 3539 2640 3594 extremum

335 3633 539 3698 etiam
569 3653 777 3698 sermo
806 3640 875 3696 et
903 3630 1125 3697 oratio.
1171 3631 1349 3695 Nam
1377 3630 1552 3716 quod
1582 3638 1652 3695 et
1679 3651 1888 3695 mares
1918 3629 2069 3696 deos
2099 3639 2169 3696 et
2197 3631 2471 3696 feminas
2503 3653 2639 3697 esse
2665 3643 2740 3703 95

338 3733 572 3814 dicitis,
604 3732 761 3819 quid
800 3741 1125 3818 sequatur,
1152 3732 1403 3797 videtis.
1493 3729 1818 3816 Equidem
1860 3730 2082 3794 mirari
2126 3731 2283 3796 satis
2324 3753 2455 3797 non
2496 3753 2646 3818 pos-

430 3952 465 4000 8
486 3956 561 4000 est
580 3949 708 4009 1310,
729 3952 803 4002 sit
821 3947 1146 4005 AB¹Esx÷.
1342 3948 1408 4002 1⁷
1435 3950 1574 4000 nihil
1605 3961 1705 3998 uss
1733 3947 2009 4011 generally,
2030 3963 2133 3999 non
2149 3950 2290 4000 nihil
2310 3953 2355 4000 Ε
2373 3946 2500 3999 Red.
2524 3947 2648 4001 edd.

333 4031 471 4083 after
489 4030 695 4083 Psaros.
884 4030 948 4083 19
971 4033 1138 4081 Silam
1158 4029 1297 4093 031,
1327 4031 1514 4081 Silam
1534 4030 1810 4089 ΗΠΒ-1η
1831 4031 1992 4080 tillim
2010 4029 2074 4089 A,
2097 4032 2296 4095 Syllum
2314 4030 2429 4082 Aac.
2447 4042 2489 4085 ἢ·
2502 4029 2642 4089 Soh..

333 4119 441 4168 aive
460 4116 577 4169 BE.
799 4116 869 4167 21
900 4118 1199 4182 crysippum
1216 4115 1381 4176 AUG,
1410 4117 1731 4179 Ghn'eippam
1760 4111 1945 4176 33212,
1983 4115 2253 4178 crisippam
2284 4113 2464 4173 (mco,
2498 4116 2640 4177 chry-

337 4202 538 4265 sippum
566 4198 763 4261 31:¹1¹,
797 4203 1047 4266 cesimum
1075 4205 1121 4252 V
1139 4199 1276 4262 Aac„
1303 4201 1603 4266 Chesippum
1621 4199 1752 4252 Dav.
1779 4196 1970 4249 Heind.

509 4315 582 4368 u.
627 4315 685 4367 c.
2424 4298 2465 4364 3
