<?xml version="1.0" encoding="UTF-8"?>
<!DOCTYPE html PUBLIC "-//W3C//DTD XHTML 1.0 Transitional//EN"
    "http://www.w3.org/TR/xhtml1/DTD/xhtml1-transitional.dtd">
<html xmlns="http://www.w3.org/1999/xhtml" xml:lang="en" lang="en">
 <head>
  <title>
</title>
<meta http-equiv="Content-Type" content="text/html;charset=utf-8" />
  <meta name='ocr-system' content='tesseract 3.04.00' />
  <meta name='ocr-capabilities' content='ocr_page ocr_carea ocr_par ocr_line ocrx_word'/>
</head>
<body>
  <div class='ocr_page' id='page_1' title='image "./mtulliiciceroni131cicegoog_0103.png"; bbox 0 0 3150 4700; ppageno 0'>
   <div class='ocr_carea' id='block_1_1' title="bbox 915 192 2707 280">
    <p class='ocr_par' dir='ltr' id='par_1_1' title="bbox 915 192 2707 280">
     <span class='ocr_line' id='line_1_1' title="bbox 915 192 2707 280; baseline -0.001 -21"><span class='ocrx_word' id='word_1_1' title='bbox 915 211 1046 276; x_wconf 71' lang='lat' dir='ltr'><strong>nm,</strong></span> <span class='ocrx_word' id='word_1_2' title='bbox 1090 211 1120 260; x_wconf 91' lang='lat'>1</span> <span class='ocrx_word' id='word_1_3' title='bbox 1162 210 1309 263; x_wconf 72' lang='lat' dir='ltr'><strong>m.</strong></span> <span class='ocrx_word' id='word_1_4' title='bbox 1352 210 1807 261; x_wconf 75' lang='lat' dir='ltr'><strong>xxx—xm</strong></span> <span class='ocrx_word' id='word_1_5' title='bbox 1850 192 1930 280; x_wconf 62' lang='grc' dir='ltr'><strong>ἓξ</strong></span> <span class='ocrx_word' id='word_1_6' title='bbox 1973 196 2226 261; x_wconf 86' lang='grc'><strong>85-89</strong></span> <span class='ocrx_word' id='word_1_7' title='bbox 2628 196 2707 259; x_wconf 84' lang='grc'><strong>31</strong></span> 
     </span>
    </p>
   </div>
   <div class='ocr_carea' id='block_1_2' title="bbox 292 354 2867 2931">
    <p class='ocr_par' dir='ltr' id='par_1_2' title="bbox 292 354 2867 1891">
     <span class='ocr_line' id='line_1_2' title="bbox 408 354 2714 444; baseline 0 -25"><span class='ocrx_word' id='word_1_8' title='bbox 408 354 619 441; x_wconf 84' lang='lat' dir='ltr'><strong>-igitur</strong></span> <span class='ocrx_word' id='word_1_9' title='bbox 660 356 771 434; x_wconf 83' lang='lat' dir='ltr'><strong>sol,</strong></span> <span class='ocrx_word' id='word_1_10' title='bbox 815 377 901 422; x_wconf 89' lang='lat' dir='ltr'><strong>ne</strong></span> <span class='ocrx_word' id='word_1_11' title='bbox 944 356 1118 436; x_wconf 81' lang='lat' dir='ltr'><strong>luna,</strong></span> <span class='ocrx_word' id='word_1_12' title='bbox 1159 378 1245 423; x_wconf 89' lang='lat' dir='ltr'><strong>ne</strong></span> <span class='ocrx_word' id='word_1_13' title='bbox 1287 356 1530 438; x_wconf 85' lang='lat' dir='ltr'><strong>stellae,</strong></span> <span class='ocrx_word' id='word_1_14' title='bbox 1574 357 1883 444; x_wconf 87' lang='lat' dir='ltr'><strong>quoniam</strong></span> <span class='ocrx_word' id='word_1_15' title='bbox 1926 357 2094 423; x_wconf 88' lang='lat' dir='ltr'><strong>nihil</strong></span> <span class='ocrx_word' id='word_1_16' title='bbox 2125 379 2273 424; x_wconf 82' lang='lat' dir='ltr'><strong>,esse</strong></span> <span class='ocrx_word' id='word_1_17' title='bbox 2315 363 2543 442; x_wconf 82' lang='lat' dir='ltr'><strong>potest,</strong></span> <span class='ocrx_word' id='word_1_18' title='bbox 2586 355 2714 421; x_wconf 86' lang='lat' dir='ltr'><strong>nisi</strong></span> 
     </span>
     <span class='ocr_line' id='line_1_3' title="bbox 417 458 2715 548; baseline 0.002 -24"><span class='ocrx_word' id='word_1_19' title='bbox 417 458 593 543; x_wconf 90' lang='lat' dir='ltr'><strong>quod</strong></span> <span class='ocrx_word' id='word_1_20' title='bbox 658 459 1001 546; x_wconf 77' lang='lat' dir='ltr'><strong>attigimus</strong></span> <span class='ocrx_word' id='word_1_21' title='bbox 1068 468 1187 527; x_wconf 87' lang='lat' dir='ltr'><strong>aut</strong></span> <span class='ocrx_word' id='word_1_22' title='bbox 1243 460 1539 530; x_wconf 85' lang='lat' dir='ltr'><strong>vidimus.</strong></span> <span class='ocrx_word' id='word_1_23' title='bbox 1659 462 1877 542; x_wconf 58' lang='lat' dir='ltr'><strong>Quid?</strong></span> <span class='ocrx_word' id='word_1_24' title='bbox 1945 462 2143 528; x_wconf 89' lang='lat' dir='ltr'><strong>deum</strong></span> <span class='ocrx_word' id='word_1_25' title='bbox 2198 462 2415 548; x_wconf 85' lang='lat' dir='ltr'><strong>ipsum</strong></span> <span class='ocrx_word' id='word_1_26' title='bbox 2469 484 2715 529; x_wconf 90' lang='lat' dir='ltr'><strong>numne</strong></span> 
     </span>
     <span class='ocr_line' id='line_1_4' title="bbox 414 558 2713 649; baseline 0.002 -25"><span class='ocrx_word' id='word_1_27' title='bbox 414 558 684 625; x_wconf 65' lang='lat' dir='ltr'><strong>vidisti?</strong></span> <span class='ocrx_word' id='word_1_28' title='bbox 770 561 905 627; x_wconf 83' lang='lat' dir='ltr'><strong>Cur</strong></span> <span class='ocrx_word' id='word_1_29' title='bbox 945 561 1147 646; x_wconf 81' lang='lat' dir='ltr'><strong>igitur</strong></span> <span class='ocrx_word' id='word_1_30' title='bbox 1187 562 1395 628; x_wconf 85' lang='lat' dir='ltr'><strong>credis</strong></span> <span class='ocrx_word' id='word_1_31' title='bbox 1436 568 1623 630; x_wconf 67' lang='lat' dir='ltr'><strong>esse?</strong></span> <span class='ocrx_word' id='word_1_32' title='bbox 1708 561 1949 628; x_wconf 87' lang='lat' dir='ltr'><strong>Omnia</strong></span> <span class='ocrx_word' id='word_1_33' title='bbox 1989 562 2292 629; x_wconf 83' lang='lat' dir='ltr'><strong>tollamus</strong></span> <span class='ocrx_word' id='word_1_34' title='bbox 2337 584 2504 649; x_wconf 86' lang='lat' dir='ltr'><strong>ergo,</strong></span> <span class='ocrx_word' id='word_1_35' title='bbox 2546 584 2713 648; x_wconf 89' lang='lat' dir='ltr'><strong>quae</strong></span> 
     </span>
     <span class='ocr_line' id='line_1_5' title="bbox 415 662 2714 745; baseline 0.001 -18"><span class='ocrx_word' id='word_1_36' title='bbox 415 670 535 728; x_wconf 88' lang='lat' dir='ltr'><strong>aut</strong></span> <span class='ocrx_word' id='word_1_37' title='bbox 564 662 832 729; x_wconf 88' lang='lat' dir='ltr'><strong>historia</strong></span> <span class='ocrx_word' id='word_1_38' title='bbox 858 664 1045 730; x_wconf 89' lang='lat' dir='ltr'><strong>nobis</strong></span> <span class='ocrx_word' id='word_1_39' title='bbox 1072 672 1190 729; x_wconf 89' lang='lat' dir='ltr'><strong>aut</strong></span> <span class='ocrx_word' id='word_1_40' title='bbox 1215 664 1381 730; x_wconf 88' lang='lat' dir='ltr'><strong>ratio</strong></span> <span class='ocrx_word' id='word_1_41' title='bbox 1409 685 1579 730; x_wconf 83' lang='lat' dir='ltr'><strong>nova</strong></span> <span class='ocrx_word' id='word_1_42' title='bbox 1606 663 1808 731; x_wconf 84' lang='lat' dir='ltr'><strong>affert.</strong></span> <span class='ocrx_word' id='word_1_43' title='bbox 1894 664 2005 730; x_wconf 85' lang='lat' dir='ltr'><strong>Ita</strong></span> <span class='ocrx_word' id='word_1_44' title='bbox 2030 664 2128 745; x_wconf 77' lang='lat' dir='ltr'><strong>fit,</strong></span> <span class='ocrx_word' id='word_1_45' title='bbox 2158 672 2236 730; x_wconf 84' lang='lat' dir='ltr'><strong>ut</strong></span> <span class='ocrx_word' id='word_1_46' title='bbox 2262 664 2714 731; x_wconf 72' lang='lat' dir='ltr'>mediterranei</span> 
     </span>
     <span class='ocr_line' id='line_1_6' title="bbox 350 765 2715 852; baseline 0.002 -25"><span class='ocrx_word' id='word_1_47' title='bbox 350 788 387 847; x_wconf 83' lang='lat'>5</span> <span class='ocrx_word' id='word_1_48' title='bbox 419 785 617 829; x_wconf 89' lang='lat' dir='ltr'><strong>mare-</strong></span> <span class='ocrx_word' id='word_1_49' title='bbox 641 786 779 830; x_wconf 87' lang='lat' dir='ltr'><strong>esse</strong></span> <span class='ocrx_word' id='word_1_50' title='bbox 819 788 953 831; x_wconf 92' lang='lat' dir='ltr'><strong>non</strong></span> <span class='ocrx_word' id='word_1_51' title='bbox 994 766 1281 832; x_wconf 81' lang='lat' dir='ltr'><strong>credant.</strong></span> <span class='ocrx_word' id='word_1_52' title='bbox 1364 765 1549 848; x_wconf 82' lang='lat' dir='ltr'><strong>Quae</strong></span> <span class='ocrx_word' id='word_1_53' title='bbox 1593 773 1747 831; x_wconf 85' lang='lat' dir='ltr'><strong>sunt</strong></span> <span class='ocrx_word' id='word_1_54' title='bbox 1787 773 2014 833; x_wconf 82' lang='lat' dir='ltr'><strong>tantae</strong></span> <span class='ocrx_word' id='word_1_55' title='bbox 2071 766 2276 832; x_wconf 86' lang='lat' dir='ltr'><strong>animi</strong></span> <span class='ocrx_word' id='word_1_56' title='bbox 2330 766 2715 852; x_wconf 68' lang='lat' dir='ltr'><strong>angustiae?</strong></span> 
     </span>
     <span class='ocr_line' id='line_1_7' title="bbox 419 868 2712 956; baseline -0 -22"><span class='ocrx_word' id='word_1_57' title='bbox 419 868 537 946; x_wconf 90' lang='lat' dir='ltr'><strong>Ut,</strong></span> <span class='ocrx_word' id='word_1_58' title='bbox 568 868 623 933; x_wconf 89' lang='lat' dir='ltr'><strong>si</strong></span> <span class='ocrx_word' id='word_1_59' title='bbox 653 868 913 956; x_wconf 79' lang='lat' dir='ltr'>Seriphi</span> <span class='ocrx_word' id='word_1_60' title='bbox 955 877 1151 936; x_wconf 86' lang='lat' dir='ltr'><strong>natus</strong></span> <span class='ocrx_word' id='word_1_61' title='bbox 1190 891 1364 936; x_wconf 89' lang='lat' dir='ltr'><strong>esses</strong></span> <span class='ocrx_word' id='word_1_62' title='bbox 1405 891 1527 935; x_wconf 87' lang='lat' dir='ltr'><strong>nec</strong></span> <span class='ocrx_word' id='word_1_63' title='bbox 1570 891 1885 955; x_wconf 89' lang='lat' dir='ltr'><strong>umquam</strong></span> <span class='ocrx_word' id='word_1_64' title='bbox 1927 891 2218 956; x_wconf 84' lang='lat' dir='ltr'><strong>egressus</strong></span> <span class='ocrx_word' id='word_1_65' title='bbox 2260 891 2342 935; x_wconf 86' lang='lat' dir='ltr'><strong>ex</strong></span> <span class='ocrx_word' id='word_1_66' title='bbox 2383 869 2611 948; x_wconf 86' lang='lat' dir='ltr'><strong>insula,</strong></span> <span class='ocrx_word' id='word_1_67' title='bbox 2642 869 2712 933; x_wconf 92' lang='lat' dir='ltr'><strong>in</strong></span> 
     </span>
     <span class='ocr_line' id='line_1_8' title="bbox 417 969 2714 1058; baseline 0.002 -25"><span class='ocrx_word' id='word_1_68' title='bbox 417 988 551 1053; x_wconf 90' lang='lat' dir='ltr'><strong>qua</strong></span> <span class='ocrx_word' id='word_1_69' title='bbox 576 969 937 1054; x_wconf 75' lang='lat' dir='ltr'><strong>lepusculos</strong></span> <span class='ocrx_word' id='word_1_70' title='bbox 962 971 1462 1058; x_wconf 74' lang='lat' dir='ltr'><strong>vulpeculasque</strong></span> <span class='ocrx_word' id='word_1_71' title='bbox 1490 993 1684 1057; x_wconf 80' lang='lat' dir='ltr'><strong>saepe</strong></span> <span class='ocrx_word' id='word_1_72' title='bbox 1698 971 1998 1050; x_wconf 64' lang='lat' dir='ltr'><strong>vidisses,</strong></span> <span class='ocrx_word' id='word_1_73' title='bbox 2027 994 2155 1038; x_wconf 91' lang='lat' dir='ltr'><strong>non</strong></span> <span class='ocrx_word' id='word_1_74' title='bbox 2184 972 2471 1038; x_wconf 81' lang='lat' dir='ltr'><strong>crederes</strong></span> <span class='ocrx_word' id='word_1_75' title='bbox 2498 972 2714 1038; x_wconf 90' lang='lat' dir='ltr'><strong>leones</strong></span> 
     </span>
     <span class='ocr_line' id='line_1_9' title="bbox 413 1075 2713 1162; baseline 0.001 -24"><span class='ocrx_word' id='word_1_76' title='bbox 413 1081 489 1138; x_wconf 89' lang='lat' dir='ltr'><strong>et</strong></span> <span class='ocrx_word' id='word_1_77' title='bbox 516 1076 862 1159; x_wconf 82' lang='lat' dir='ltr'><strong>pantheras</strong></span> <span class='ocrx_word' id='word_1_78' title='bbox 890 1097 1042 1154; x_wconf 87' lang='lat' dir='ltr'><strong>esse,</strong></span> <span class='ocrx_word' id='word_1_79' title='bbox 1072 1098 1222 1142; x_wconf 91' lang='lat' dir='ltr'><strong>cum</strong></span> <span class='ocrx_word' id='word_1_80' title='bbox 1266 1076 1406 1152; x_wconf 84' lang='lat' dir='ltr'><strong>tibi,</strong></span> <span class='ocrx_word' id='word_1_81' title='bbox 1440 1077 1664 1162; x_wconf 54' lang='lat' dir='ltr'><strong>quales</strong></span> <span class='ocrx_word' id='word_1_82' title='bbox 1706 1084 1937 1154; x_wconf 89' lang='lat' dir='ltr'><strong>essent,</strong></span> <span class='ocrx_word' id='word_1_83' title='bbox 1969 1077 2326 1158; x_wconf 86' lang='lat' dir='ltr'><strong>diceretur;</strong></span> <span class='ocrx_word' id='word_1_84' title='bbox 2365 1076 2421 1141; x_wconf 90' lang='lat' dir='ltr'><strong>si</strong></span> <span class='ocrx_word' id='word_1_85' title='bbox 2449 1098 2600 1141; x_wconf 81' lang='lat' dir='ltr'><strong>vero</strong></span> <span class='ocrx_word' id='word_1_86' title='bbox 2630 1075 2713 1141; x_wconf 92' lang='lat' dir='ltr'><strong>de</strong></span> 
     </span>
     <span class='ocr_line' id='line_1_10' title="bbox 414 1177 2867 1268; baseline 0.002 -27"><span class='ocrx_word' id='word_1_87' title='bbox 414 1177 764 1264; x_wconf 87' lang='lat' dir='ltr'><strong>elephanto</strong></span> <span class='ocrx_word' id='word_1_88' title='bbox 805 1180 953 1265; x_wconf 89' lang='lat' dir='ltr'><strong>quis</strong></span> <span class='ocrx_word' id='word_1_89' title='bbox 995 1179 1253 1258; x_wconf 79' lang='lat' dir='ltr'><strong>diceret,</strong></span> <span class='ocrx_word' id='word_1_90' title='bbox 1285 1180 1488 1246; x_wconf 84' lang='lat' dir='ltr'><strong>etiam</strong></span> <span class='ocrx_word' id='word_1_91' title='bbox 1528 1179 1730 1245; x_wconf 84' lang='lat' dir='ltr'><strong>rideri</strong></span> <span class='ocrx_word' id='word_1_92' title='bbox 1754 1188 1823 1245; x_wconf 82' lang='lat' dir='ltr'><strong>te</strong></span> <span class='ocrx_word' id='word_1_93' title='bbox 1851 1187 2128 1266; x_wconf 83' lang='lat' dir='ltr'><strong>putares.</strong></span> <span class='ocrx_word' id='word_1_94' title='bbox 2213 1180 2322 1246; x_wconf 88' lang='lat' dir='ltr'><strong>An</strong></span> <span class='ocrx_word' id='word_1_95' title='bbox 2366 1179 2709 1266; x_wconf 89' lang='lat' dir='ltr'><strong>quicquam</strong></span> <span class='ocrx_word' id='word_1_96' title='bbox 2737 1187 2867 1268; x_wconf 81' lang='lat'>(9¹7)</span> 
     </span>
     <span class='ocr_line' id='line_1_11' title="bbox 313 1283 2710 1371; baseline 0.001 -25"><span class='ocrx_word' id='word_1_97' title='bbox 313 1307 391 1346; x_wconf 78' lang='grc' dir='ltr'><strong>ιο</strong></span> <span class='ocrx_word' id='word_1_98' title='bbox 415 1290 555 1348; x_wconf 83' lang='lat' dir='ltr'><strong>tam</strong></span> <span class='ocrx_word' id='word_1_99' title='bbox 611 1284 860 1369; x_wconf 84' lang='lat' dir='ltr'><strong>puerile</strong></span> <span class='ocrx_word' id='word_1_100' title='bbox 904 1284 1033 1350; x_wconf 89' lang='lat' dir='ltr'><strong>dici</strong></span> <span class='ocrx_word' id='word_1_101' title='bbox 1080 1293 1297 1371; x_wconf 85' lang='lat' dir='ltr'><strong>potest</strong></span> <span class='ocrx_word' id='word_1_102' title='bbox 1349 1286 1455 1369; x_wconf 90' lang='lat' dir='ltr'><strong>(ut</strong></span> <span class='ocrx_word' id='word_1_103' title='bbox 1502 1284 1785 1353; x_wconf 86' lang='lat' dir='ltr'><strong>eundem</strong></span> <span class='ocrx_word' id='word_1_104' title='bbox 1835 1284 2049 1350; x_wconf 89' lang='lat' dir='ltr'><strong>locum</strong></span> <span class='ocrx_word' id='word_1_105' title='bbox 2107 1283 2350 1350; x_wconf 89' lang='lat' dir='ltr'><strong>diutius</strong></span> <span class='ocrx_word' id='word_1_106' title='bbox 2399 1284 2710 1370; x_wconf 79' lang='lat' dir='ltr'><strong>urgeam),</strong></span> 
     </span>
     <span class='ocr_line' id='line_1_12' title="bbox 413 1389 2710 1476; baseline 0.001 -24"><span class='ocrx_word' id='word_1_107' title='bbox 413 1408 614 1472; x_wconf 87' lang='lat' dir='ltr'><strong>quam</strong></span> <span class='ocrx_word' id='word_1_108' title='bbox 642 1389 700 1453; x_wconf 88' lang='lat' dir='ltr'><strong>si</strong></span> <span class='ocrx_word' id='word_1_109' title='bbox 727 1411 807 1454; x_wconf 88' lang='lat' dir='ltr'><strong>ea</strong></span> <span class='ocrx_word' id='word_1_110' title='bbox 831 1410 1071 1474; x_wconf 84' lang='lat' dir='ltr'><strong>genera</strong></span> <span class='ocrx_word' id='word_1_111' title='bbox 1102 1390 1460 1469; x_wconf 76' lang='grc'><strong>1161118111111,</strong></span> <span class='ocrx_word' id='word_1_112' title='bbox 1491 1411 1662 1476; x_wconf 89' lang='lat' dir='ltr'><strong>quae</strong></span> <span class='ocrx_word' id='word_1_113' title='bbox 1703 1390 1775 1455; x_wconf 89' lang='lat' dir='ltr'><strong>in</strong></span> <span class='ocrx_word' id='word_1_114' title='bbox 1816 1390 2010 1455; x_wconf 90' lang='lat' dir='ltr'><strong>rubro</strong></span> <span class='ocrx_word' id='word_1_115' title='bbox 2053 1390 2217 1455; x_wconf 89' lang='lat' dir='ltr'><strong>mari</strong></span> <span class='ocrx_word' id='word_1_116' title='bbox 2261 1389 2530 1456; x_wconf 86' lang='lat' dir='ltr'><strong>Indiave</strong></span> <span class='ocrx_word' id='word_1_117' title='bbox 2571 1389 2710 1475; x_wconf 84' lang='lat' dir='ltr'><strong>gig·</strong></span> 
     </span>
     <span class='ocr_line' id='line_1_13' title="bbox 415 1493 2708 1581; baseline 0.003 -25"><span class='ocrx_word' id='word_1_118' title='bbox 415 1500 673 1570; x_wconf 88' lang='lat' dir='ltr'><strong>nantur,</strong></span> <span class='ocrx_word' id='word_1_119' title='bbox 729 1494 915 1558; x_wconf 88' lang='lat' dir='ltr'><strong>nulla</strong></span> <span class='ocrx_word' id='word_1_120' title='bbox 966 1515 1105 1560; x_wconf 90' lang='lat' dir='ltr'><strong>esse</strong></span> <span class='ocrx_word' id='word_1_121' title='bbox 1161 1493 1492 1560; x_wconf 66' lang='lat' dir='ltr'><strong>dicamus?</strong></span> <span class='ocrx_word' id='word_1_122' title='bbox 1583 1494 1789 1581; x_wconf 80' lang='lat' dir='ltr'><strong>Atqui</strong></span> <span class='ocrx_word' id='word_1_123' title='bbox 1837 1516 1925 1560; x_wconf 92' lang='lat' dir='ltr'><strong>ne</strong></span> <span class='ocrx_word' id='word_1_124' title='bbox 1980 1494 2392 1560; x_wconf 81' lang='lat' dir='ltr'><strong>curiosissimi</strong></span> <span class='ocrx_word' id='word_1_125' title='bbox 2447 1495 2708 1581; x_wconf 85' lang='lat' dir='ltr'><strong>quidem</strong></span> 
     </span>
     <span class='ocr_line' id='line_1_14' title="bbox 417 1593 2709 1683; baseline 0.003 -26"><span class='ocrx_word' id='word_1_126' title='bbox 417 1593 711 1660; x_wconf 88' lang='lat' dir='ltr'><strong>homines</strong></span> <span class='ocrx_word' id='word_1_127' title='bbox 766 1596 1164 1683; x_wconf 84' lang='lat' dir='ltr'><strong>exquirendo</strong></span> <span class='ocrx_word' id='word_1_128' title='bbox 1218 1596 1445 1663; x_wconf 85' lang='lat' dir='ltr'><strong>audire</strong></span> <span class='ocrx_word' id='word_1_129' title='bbox 1503 1604 1642 1662; x_wconf 84' lang='lat' dir='ltr'><strong>tam</strong></span> <span class='ocrx_word' id='word_1_130' title='bbox 1699 1596 1912 1662; x_wconf 92' lang='lat' dir='ltr'><strong>multa</strong></span> <span class='ocrx_word' id='word_1_131' title='bbox 1965 1604 2251 1683; x_wconf 81' lang='lat' dir='ltr'><strong>possunt,</strong></span> <span class='ocrx_word' id='word_1_132' title='bbox 2303 1617 2500 1682; x_wconf 88' lang='lat' dir='ltr'><strong>quam</strong></span> <span class='ocrx_word' id='word_1_133' title='bbox 2554 1604 2709 1663; x_wconf 88' lang='lat' dir='ltr'><strong>sunt</strong></span> 
     </span>
     <span class='ocr_line' id='line_1_15' title="bbox 414 1698 2709 1791; baseline 0.003 -29"><span class='ocrx_word' id='word_1_134' title='bbox 414 1698 642 1776; x_wconf 85' lang='lat' dir='ltr'><strong>multa,</strong></span> <span class='ocrx_word' id='word_1_135' title='bbox 681 1721 852 1786; x_wconf 89' lang='lat' dir='ltr'><strong>quae</strong></span> <span class='ocrx_word' id='word_1_136' title='bbox 893 1710 1083 1780; x_wconf 77' lang='lat' dir='ltr'><strong>terra,</strong></span> <span class='ocrx_word' id='word_1_137' title='bbox 1110 1701 1293 1780; x_wconf 83' lang='lat' dir='ltr'><strong>mari,</strong></span> <span class='ocrx_word' id='word_1_138' title='bbox 1332 1700 1698 1786; x_wconf 86' lang='lat' dir='ltr'><strong>paludibus,</strong></span> <span class='ocrx_word' id='word_1_139' title='bbox 1729 1701 2108 1768; x_wconf 89' lang='lat' dir='ltr'><strong>fluminibus</strong></span> <span class='ocrx_word' id='word_1_140' title='bbox 2141 1702 2501 1791; x_wconf 74' lang='lat' dir='ltr'><strong>exsistunt3</strong></span> <span class='ocrx_word' id='word_1_141' title='bbox 2541 1724 2709 1789; x_wconf 85' lang='lat' dir='ltr'><strong>quae</strong></span> 
     </span>
     <span class='ocr_line' id='line_1_16' title="bbox 292 1805 1804 1891; baseline 0.005 -28"><span class='ocrx_word' id='word_1_142' title='bbox 292 1825 338 1863; x_wconf 63' lang='grc' dir='ltr'><strong>ι1</strong></span> <span class='ocrx_word' id='word_1_143' title='bbox 353 1822 387 1882; x_wconf 89' lang='lat'>5</span> <span class='ocrx_word' id='word_1_144' title='bbox 416 1824 726 1889; x_wconf 86' lang='lat' dir='ltr'><strong>negemus</strong></span> <span class='ocrx_word' id='word_1_145' title='bbox 753 1826 909 1883; x_wconf 83' lang='lat' dir='ltr'><strong>esse,</strong></span> <span class='ocrx_word' id='word_1_146' title='bbox 938 1805 1095 1891; x_wconf 90' lang='lat' dir='ltr'><strong>quia</strong></span> <span class='ocrx_word' id='word_1_147' title='bbox 1120 1822 1479 1891; x_wconf 81' lang='lat' dir='ltr'><strong>numquam</strong></span> <span class='ocrx_word' id='word_1_148' title='bbox 1506 1805 1804 1872; x_wconf 84' lang='lat' dir='ltr'><strong>vidimus.</strong></span> 
     </span>
    </p>

    <p class='ocr_par' dir='ltr' id='par_1_3' title="bbox 414 1907 2821 2204">
     <span class='ocr_line' id='line_1_17' title="bbox 549 1907 2808 1993; baseline 0 -23"><span class='ocrx_word' id='word_1_149' title='bbox 549 1907 637 1970; x_wconf 89' lang='lat' dir='ltr'><strong>Et</strong></span> <span class='ocrx_word' id='word_1_150' title='bbox 679 1916 757 1972; x_wconf 85' lang='lat' dir='ltr'><strong>tu</strong></span> <span class='ocrx_word' id='word_1_151' title='bbox 797 1907 1082 1993; x_wconf 91' lang='lat' dir='ltr'><strong>quidem,</strong></span> <span class='ocrx_word' id='word_1_152' title='bbox 1119 1907 1345 1987; x_wconf 85' lang='lat' dir='ltr'><strong>Vellei,</strong></span> <span class='ocrx_word' id='word_1_153' title='bbox 1390 1928 1526 1973; x_wconf 92' lang='lat' dir='ltr'><strong>non</strong></span> <span class='ocrx_word' id='word_1_154' title='bbox 1566 1916 1779 1974; x_wconf 86' lang='lat' dir='ltr'><strong>vestro</strong></span> <span class='ocrx_word' id='word_1_155' title='bbox 1821 1927 2014 1988; x_wconf 89' lang='lat' dir='ltr'><strong>more,</strong></span> <span class='ocrx_word' id='word_1_156' title='bbox 2052 1908 2164 1975; x_wconf 86' lang='lat' dir='ltr'><strong>sed</strong></span> <span class='ocrx_word' id='word_1_157' title='bbox 2207 1908 2703 1991; x_wconf 85' lang='lat' dir='ltr'><strong>dialecticorum,</strong></span> <span class='ocrx_word' id='word_1_158' title='bbox 2731 1912 2808 1972; x_wconf 85' lang='grc'><strong>89</strong></span> 
     </span>
     <span class='ocr_line' id='line_1_18' title="bbox 414 2011 2821 2099; baseline 0.001 -23"><span class='ocrx_word' id='word_1_159' title='bbox 414 2032 586 2096; x_wconf 87' lang='lat' dir='ltr'><strong>quae</strong></span> <span class='ocrx_word' id='word_1_160' title='bbox 626 2011 923 2078; x_wconf 87' lang='lat' dir='ltr'><strong>fundit-us</strong></span> <span class='ocrx_word' id='word_1_161' title='bbox 977 2034 1136 2099; x_wconf 87' lang='lat' dir='ltr'><strong>gens</strong></span> <span class='ocrx_word' id='word_1_162' title='bbox 1176 2020 1392 2078; x_wconf 80' lang='lat' dir='ltr'><strong>vestra</strong></span> <span class='ocrx_word' id='word_1_163' title='bbox 1438 2034 1569 2080; x_wconf 91' lang='lat' dir='ltr'><strong>non</strong></span> <span class='ocrx_word' id='word_1_164' title='bbox 1619 2012 1819 2091; x_wconf 81' lang='lat' dir='ltr'><strong>novit,</strong></span> <span class='ocrx_word' id='word_1_165' title='bbox 1870 2013 2267 2098; x_wconf 80' lang='lat' dir='ltr'><strong>argumentis</strong></span> <span class='ocrx_word' id='word_1_166' title='bbox 2317 2015 2704 2079; x_wconf 86' lang='lat' dir='ltr'><strong>sententiam</strong></span> <span class='ocrx_word' id='word_1_167' title='bbox 2807 2056 2821 2069; x_wconf 73' lang='lat'><em>-</em></span> 
     </span>
     <span class='ocr_line' id='line_1_19' title="bbox 415 2116 2705 2204; baseline 0.002 -23"><span class='ocrx_word' id='word_1_168' title='bbox 415 2117 825 2183; x_wconf 75' lang='lat' dir='ltr'><strong>conclusisti:</strong></span> <span class='ocrx_word' id='word_1_169' title='bbox 865 2116 1088 2183; x_wconf 84' lang='lat' dir='ltr'><strong>beatos</strong></span> <span class='ocrx_word' id='word_1_170' title='bbox 1116 2138 1254 2182; x_wconf 89' lang='lat' dir='ltr'><strong>esse</strong></span> <span class='ocrx_word' id='word_1_171' title='bbox 1282 2117 1435 2182; x_wconf 87' lang='lat' dir='ltr'><strong>deos</strong></span> <span class='ocrx_word' id='word_1_172' title='bbox 1462 2117 1811 2204; x_wconf 84' lang='lat' dir='ltr'><strong>sumpsisti.</strong></span> <span class='ocrx_word' id='word_1_173' title='bbox 1898 2117 2340 2185; x_wconf 80' lang='lat' dir='ltr'><strong>concedimus.</strong></span> <span class='ocrx_word' id='word_1_174' title='bbox 2427 2119 2705 2185; x_wconf 89' lang='lat' dir='ltr'><strong>Beatum</strong></span> 
     </span>
    </p>

    <p class='ocr_par' dir='ltr' id='par_1_4' title="bbox 297 2221 2705 2931">
     <span class='ocr_line' id='line_1_20' title="bbox 297 2221 2705 2310; baseline 0.002 -24"><span class='ocrx_word' id='word_1_175' title='bbox 297 2280 307 2293; x_wconf 80' lang='grc'><strong>.</strong></span> <span class='ocrx_word' id='word_1_176' title='bbox 414 2231 637 2287; x_wconf 86' lang='lat' dir='ltr'><strong>autem</strong></span> <span class='ocrx_word' id='word_1_177' title='bbox 672 2222 813 2287; x_wconf 89' lang='lat' dir='ltr'><strong>sine</strong></span> <span class='ocrx_word' id='word_1_178' title='bbox 846 2221 1091 2288; x_wconf 84' lang='lat' dir='ltr'><strong>virtute</strong></span> <span class='ocrx_word' id='word_1_179' title='bbox 1128 2222 1458 2288; x_wconf 91' lang='lat' dir='ltr'><strong>neminem</strong></span> <span class='ocrx_word' id='word_1_180' title='bbox 1494 2243 1633 2288; x_wconf 87' lang='lat' dir='ltr'><strong>esse</strong></span> <span class='ocrx_word' id='word_1_181' title='bbox 1673 2244 1874 2307; x_wconf 86' lang='lat' dir='ltr'><strong>posse.</strong></span> <span class='ocrx_word' id='word_1_182' title='bbox 1959 2222 2245 2291; x_wconf 85' lang='lat' dir='ltr'>XXXII.</span> <span class='ocrx_word' id='word_1_183' title='bbox 2332 2222 2412 2288; x_wconf 91' lang='lat' dir='ltr'><strong>Id</strong></span> <span class='ocrx_word' id='word_1_184' title='bbox 2450 2245 2705 2310; x_wconf 90' lang='lat' dir='ltr'><strong>quoque</strong></span> 
     </span>
     <span class='ocr_line' id='line_1_21' title="bbox 306 2325 2705 2414; baseline 0.002 -25"><span class='ocrx_word' id='word_1_185' title='bbox 306 2348 387 2389; x_wconf 85' lang='lat'><strong>20</strong></span> <span class='ocrx_word' id='word_1_186' title='bbox 415 2326 659 2406; x_wconf 86' lang='lat' dir='ltr'><strong>damus,</strong></span> <span class='ocrx_word' id='word_1_187' title='bbox 688 2335 760 2394; x_wconf 87' lang='lat' dir='ltr'><strong>et</strong></span> <span class='ocrx_word' id='word_1_188' title='bbox 786 2327 1066 2394; x_wconf 85' lang='lat' dir='ltr'><strong>libenter</strong></span> <span class='ocrx_word' id='word_1_189' title='bbox 1103 2326 1382 2414; x_wconf 88' lang='lat' dir='ltr'><strong>quidem.</strong></span> <span class='ocrx_word' id='word_1_190' title='bbox 1470 2325 1802 2393; x_wconf 87' lang='lat' dir='ltr'><strong>Virtutem</strong></span> <span class='ocrx_word' id='word_1_191' title='bbox 1847 2334 2069 2393; x_wconf 88' lang='lat' dir='ltr'><strong>autem</strong></span> <span class='ocrx_word' id='word_1_192' title='bbox 2107 2327 2245 2393; x_wconf 88' lang='lat' dir='ltr'><strong>sine</strong></span> <span class='ocrx_word' id='word_1_193' title='bbox 2280 2328 2529 2394; x_wconf 88' lang='lat' dir='ltr'><strong>ratione</strong></span> <span class='ocrx_word' id='word_1_194' title='bbox 2557 2350 2705 2394; x_wconf 92' lang='lat' dir='ltr'><strong>con-</strong></span> 
     </span>
     <span class='ocr_line' id='line_1_22' title="bbox 413 2429 2705 2517; baseline 0.001 -22"><span class='ocrx_word' id='word_1_195' title='bbox 413 2438 586 2495; x_wconf 89' lang='lat' dir='ltr'><strong>stare</strong></span> <span class='ocrx_word' id='word_1_196' title='bbox 614 2451 745 2495; x_wconf 91' lang='lat' dir='ltr'><strong>non</strong></span> <span class='ocrx_word' id='word_1_197' title='bbox 785 2452 987 2516; x_wconf 83' lang='lat' dir='ltr'><strong>posse.</strong></span> <span class='ocrx_word' id='word_1_198' title='bbox 1075 2429 1437 2497; x_wconf 83' lang='lat' dir='ltr'><strong>Conveniat</strong></span> <span class='ocrx_word' id='word_1_199' title='bbox 1474 2430 1544 2495; x_wconf 87' lang='lat' dir='ltr'><strong>id</strong></span> <span class='ocrx_word' id='word_1_200' title='bbox 1572 2451 1831 2515; x_wconf 89' lang='lat' dir='ltr'><strong>quoque</strong></span> <span class='ocrx_word' id='word_1_201' title='bbox 1858 2452 2116 2496; x_wconf 89' lang='lat' dir='ltr'><strong>necesse</strong></span> <span class='ocrx_word' id='word_1_202' title='bbox 2145 2437 2261 2496; x_wconf 88' lang='lat' dir='ltr'><strong>est.</strong></span> <span class='ocrx_word' id='word_1_203' title='bbox 2345 2429 2705 2517; x_wconf 86' lang='lat' dir='ltr'><strong>Adjungis:</strong></span> 
     </span>
     <span class='ocr_line' id='line_1_23' title="bbox 413 2533 2704 2621; baseline 0.002 -24"><span class='ocrx_word' id='word_1_204' title='bbox 413 2553 537 2598; x_wconf 91' lang='lat' dir='ltr'><strong>nec</strong></span> <span class='ocrx_word' id='word_1_205' title='bbox 589 2534 907 2599; x_wconf 87' lang='lat' dir='ltr'><strong>rationem</strong></span> <span class='ocrx_word' id='word_1_206' title='bbox 961 2555 1102 2600; x_wconf 90' lang='lat' dir='ltr'><strong>esse</strong></span> <span class='ocrx_word' id='word_1_207' title='bbox 1158 2534 1283 2599; x_wconf 90' lang='lat' dir='ltr'><strong>nisi</strong></span> <span class='ocrx_word' id='word_1_208' title='bbox 1342 2534 1414 2599; x_wconf 92' lang='lat' dir='ltr'><strong>in</strong></span> <span class='ocrx_word' id='word_1_209' title='bbox 1469 2533 1750 2599; x_wconf 88' lang='lat' dir='ltr'><strong>hominis</strong></span> <span class='ocrx_word' id='word_1_210' title='bbox 1805 2534 2027 2621; x_wconf 85' lang='lat' dir='ltr'><strong>figura.</strong></span> <span class='ocrx_word' id='word_1_211' title='bbox 2134 2533 2345 2615; x_wconf 84' lang='lat' dir='ltr'><strong>Quem</strong></span> <span class='ocrx_word' id='word_1_212' title='bbox 2403 2535 2526 2601; x_wconf 90' lang='lat' dir='ltr'><strong>tibi</strong></span> <span class='ocrx_word' id='word_1_213' title='bbox 2585 2536 2704 2602; x_wconf 89' lang='lat' dir='ltr'><strong>hoc</strong></span> 
     </span>
     <span class='ocr_line' id='line_1_24' title="bbox 412 2637 2703 2725; baseline 0.001 -23"><span class='ocrx_word' id='word_1_214' title='bbox 412 2638 718 2703; x_wconf 89' lang='lat' dir='ltr'><strong>daturum</strong></span> <span class='ocrx_word' id='word_1_215' title='bbox 761 2642 1000 2725; x_wconf 70' lang='lat' dir='ltr'><strong>putas?</strong></span> <span class='ocrx_word' id='word_1_216' title='bbox 1085 2637 1161 2705; x_wconf 85' lang='lat' dir='ltr'><strong>Si</strong></span> <span class='ocrx_word' id='word_1_217' title='bbox 1195 2637 1370 2703; x_wconf 90' lang='lat' dir='ltr'><strong>enim</strong></span> <span class='ocrx_word' id='word_1_218' title='bbox 1399 2637 1495 2704; x_wconf 83' lang='lat' dir='ltr'><strong>ita</strong></span> <span class='ocrx_word' id='word_1_219' title='bbox 1524 2646 1708 2716; x_wconf 90' lang='lat' dir='ltr'><strong>esset,</strong></span> <span class='ocrx_word' id='word_1_220' title='bbox 1736 2638 1892 2724; x_wconf 89' lang='lat' dir='ltr'><strong>quid</strong></span> <span class='ocrx_word' id='word_1_221' title='bbox 1924 2659 2084 2724; x_wconf 89' lang='lat' dir='ltr'><strong>opus</strong></span> <span class='ocrx_word' id='word_1_222' title='bbox 2113 2647 2253 2703; x_wconf 88' lang='lat' dir='ltr'><strong>erat</strong></span> <span class='ocrx_word' id='word_1_223' title='bbox 2281 2647 2349 2704; x_wconf 89' lang='lat' dir='ltr'><strong>te</strong></span> <span class='ocrx_word' id='word_1_224' title='bbox 2382 2638 2703 2724; x_wconf 79' lang='lat' dir='ltr'><strong>gradatim</strong></span> 
     </span>
     <span class='ocr_line' id='line_1_25' title="bbox 412 2740 2703 2828; baseline 0.001 -23"><span class='ocrx_word' id='word_1_225' title='bbox 412 2740 582 2806; x_wconf 89' lang='lat' dir='ltr'><strong>istuc</strong></span> <span class='ocrx_word' id='word_1_226' title='bbox 636 2742 1018 2828; x_wconf 66' lang='lat' dir='ltr'><strong>pervenire?</strong></span> <span class='ocrx_word' id='word_1_227' title='bbox 1073 2742 1452 2827; x_wconf 86' lang='lat' dir='ltr'><strong>sumpsisses</strong></span> <span class='ocrx_word' id='word_1_228' title='bbox 1497 2750 1613 2807; x_wconf 89' lang='lat' dir='ltr'><strong>tuo</strong></span> <span class='ocrx_word' id='word_1_229' title='bbox 1654 2742 1824 2828; x_wconf 90' lang='lat' dir='ltr'><strong>jure.</strong></span> <span class='ocrx_word' id='word_1_230' title='bbox 1911 2740 2086 2822; x_wconf 82' lang='lat' dir='ltr'><strong>Quid</strong></span> <span class='ocrx_word' id='word_1_231' title='bbox 2134 2749 2355 2806; x_wconf 88' lang='lat' dir='ltr'><strong>autem</strong></span> <span class='ocrx_word' id='word_1_232' title='bbox 2398 2750 2496 2807; x_wconf 89' lang='lat' dir='ltr'><strong>est</strong></span> <span class='ocrx_word' id='word_1_233' title='bbox 2536 2743 2703 2807; x_wconf 90' lang='lat' dir='ltr'><strong>istuc</strong></span> 
     </span>
     <span class='ocr_line' id='line_1_26' title="bbox 306 2844 2700 2931; baseline 0.002 -24"><span class='ocrx_word' id='word_1_234' title='bbox 306 2865 381 2925; x_wconf 84' lang='lat'><strong>25</strong></span> <span class='ocrx_word' id='word_1_235' title='bbox 410 2845 774 2931; x_wconf 60' lang='lat' dir='ltr'><strong>gradatim?</strong></span> <span class='ocrx_word' id='word_1_236' title='bbox 858 2845 1037 2912; x_wconf 85' lang='lat' dir='ltr'><strong>Nam</strong></span> <span class='ocrx_word' id='word_1_237' title='bbox 1077 2867 1121 2910; x_wconf 88' lang='lat' dir='ltr'><strong>a</strong></span> <span class='ocrx_word' id='word_1_238' title='bbox 1161 2845 1370 2911; x_wconf 89' lang='lat' dir='ltr'><strong>beatis</strong></span> <span class='ocrx_word' id='word_1_239' title='bbox 1411 2845 1495 2911; x_wconf 88' lang='lat' dir='ltr'><strong>ad</strong></span> <span class='ocrx_word' id='word_1_240' title='bbox 1536 2844 1866 2923; x_wconf 80' lang='lat' dir='ltr'><strong>virtutem,</strong></span> <span class='ocrx_word' id='word_1_241' title='bbox 1902 2868 1944 2911; x_wconf 89' lang='lat' dir='ltr'><strong>a</strong></span> <span class='ocrx_word' id='word_1_242' title='bbox 1980 2845 2220 2910; x_wconf 84' lang='lat' dir='ltr'><strong>virtute</strong></span> <span class='ocrx_word' id='word_1_243' title='bbox 2260 2844 2345 2910; x_wconf 89' lang='lat' dir='ltr'><strong>ad</strong></span> <span class='ocrx_word' id='word_1_244' title='bbox 2386 2845 2700 2912; x_wconf 89' lang='lat' dir='ltr'><strong>rationem</strong></span> 
     </span>
    </p>
   </div>
   <div class='ocr_carea' id='block_1_3' title="bbox 406 3079 2700 3473">
    <p class='ocr_par' dir='ltr' id='par_1_5' title="bbox 406 3079 2700 3473">
     <span class='ocr_line' id='line_1_27' title="bbox 509 3079 2700 3147; baseline 0 -12"><span class='ocrx_word' id='word_1_245' title='bbox 509 3085 541 3135; x_wconf 77' lang='grc' dir='ltr'><strong>δ</strong></span> <span class='ocrx_word' id='word_1_246' title='bbox 572 3086 869 3147; x_wconf 65' lang='lat' dir='ltr'><strong>anmoetiaer</strong></span> <span class='ocrx_word' id='word_1_247' title='bbox 899 3090 960 3135; x_wconf 71' lang='lat' dir='ltr'><strong>ut</strong></span> <span class='ocrx_word' id='word_1_248' title='bbox 979 3079 1093 3135; x_wconf 85' lang='lat' dir='ltr'><strong>edd.</strong></span> <span class='ocrx_word' id='word_1_249' title='bbox 1116 3082 1248 3134; x_wconf 78' lang='lat' dir='ltr'><strong>after</strong></span> <span class='ocrx_word' id='word_1_250' title='bbox 1267 3079 1457 3146; x_wconf 46' lang='lat' dir='ltr'><strong>Mada,</strong></span> <span class='ocrx_word' id='word_1_251' title='bbox 1481 3083 1763 3145; x_wconf 64' lang='lat' dir='ltr'><strong>mantiae,</strong></span> <span class='ocrx_word' id='word_1_252' title='bbox 1788 3089 1850 3133; x_wconf 73' lang='lat' dir='ltr'><strong>ut</strong></span> <span class='ocrx_word' id='word_1_253' title='bbox 1869 3097 1983 3133; x_wconf 85' lang='grc'><strong>1188.</strong></span> <span class='ocrx_word' id='word_1_254' title='bbox 2241 3085 2274 3134; x_wconf 87' lang='grc'>8</span> <span class='ocrx_word' id='word_1_255' title='bbox 2305 3085 2553 3134; x_wconf 76' lang='lat' dir='ltr'><strong>diceretur</strong></span> <span class='ocrx_word' id='word_1_256' title='bbox 2572 3084 2700 3136; x_wconf 76' lang='lat' dir='ltr'><strong>oU&#39;r</strong></span> 
     </span>
     <span class='ocr_line' id='line_1_28' title="bbox 410 3164 2696 3227; baseline -0 -10"><span class='ocrx_word' id='word_1_257' title='bbox 410 3166 610 3225; x_wconf 58' lang='lat' dir='ltr'><strong>Asa-b,</strong></span> <span class='ocrx_word' id='word_1_258' title='bbox 631 3170 915 3218; x_wconf 70' lang='lat' dir='ltr'><strong>dicerentur</strong></span> <span class='ocrx_word' id='word_1_259' title='bbox 933 3166 1188 3219; x_wconf 73' lang='lat' dir='ltr'><strong>XBEK4.</strong></span> <span class='ocrx_word' id='word_1_260' title='bbox 1403 3166 1436 3216; x_wconf 87' lang='lat'>9</span> <span class='ocrx_word' id='word_1_261' title='bbox 1466 3166 1626 3215; x_wconf 75' lang='lat' dir='ltr'><strong>rideri</strong></span> <span class='ocrx_word' id='word_1_262' title='bbox 1647 3177 1745 3217; x_wconf 88' lang='grc'><strong>1188</strong></span> <span class='ocrx_word' id='word_1_263' title='bbox 1766 3164 2035 3227; x_wconf 77' lang='lat' dir='ltr'><strong>generally,</strong></span> <span class='ocrx_word' id='word_1_264' title='bbox 2062 3165 2269 3215; x_wconf 66' lang='lat' dir='ltr'><strong>irrideri</strong></span> <span class='ocrx_word' id='word_1_265' title='bbox 2289 3169 2413 3216; x_wconf 76' lang='grc' dir='ltr'><strong>οΙΠ</strong></span> <span class='ocrx_word' id='word_1_266' title='bbox 2431 3166 2547 3216; x_wconf 81' lang='lat' dir='ltr'><strong>Asc.</strong></span> <span class='ocrx_word' id='word_1_267' title='bbox 2569 3164 2696 3216; x_wconf 86' lang='lat' dir='ltr'><strong>Bed.</strong></span> 
     </span>
     <span class='ocr_line' id='line_1_29' title="bbox 410 3245 2697 3314; baseline -0.001 -14"><span class='ocrx_word' id='word_1_268' title='bbox 410 3251 601 3301; x_wconf 83' lang='lat' dir='ltr'><strong>Heind.</strong></span> <span class='ocrx_word' id='word_1_269' title='bbox 757 3267 831 3302; x_wconf 76' lang='grc' dir='ltr'><strong>απ</strong></span> <span class='ocrx_word' id='word_1_270' title='bbox 848 3250 1394 3314; x_wconf 66' lang='lat' dir='ltr'><strong>quicquam—vidimus</strong></span> <span class='ocrx_word' id='word_1_271' title='bbox 1415 3248 1615 3299; x_wconf 75' lang='lat' dir='ltr'><strong>follows</strong></span> <span class='ocrx_word' id='word_1_272' title='bbox 1633 3250 1796 3299; x_wconf 68' lang='lat' dir='ltr'><strong>virm</strong></span> <span class='ocrx_word' id='word_1_273' title='bbox 1817 3250 2151 3312; x_wconf 72' lang='lat' dir='ltr'><strong>quamfiyura</strong></span> <span class='ocrx_word' id='word_1_274' title='bbox 2170 3250 2198 3308; x_wconf 65' lang='grc' dir='ltr'><strong>ς</strong></span> <span class='ocrx_word' id='word_1_275' title='bbox 2219 3248 2282 3299; x_wconf 87' lang='grc'><strong>96</strong></span> <span class='ocrx_word' id='word_1_276' title='bbox 2303 3248 2361 3297; x_wconf 87' lang='lat' dir='ltr'><strong>in</strong></span> <span class='ocrx_word' id='word_1_277' title='bbox 2380 3248 2453 3298; x_wconf 81' lang='lat' dir='ltr'><strong>all</strong></span> <span class='ocrx_word' id='word_1_278' title='bbox 2474 3262 2572 3298; x_wconf 87' lang='grc'><strong>1188</strong></span> <span class='ocrx_word' id='word_1_279' title='bbox 2592 3245 2697 3298; x_wconf 85' lang='lat' dir='ltr'><strong>and</strong></span> 
     </span>
     <span class='ocr_line' id='line_1_30' title="bbox 406 3326 2696 3394; baseline -0.003 -11"><span class='ocrx_word' id='word_1_280' title='bbox 406 3332 522 3383; x_wconf 84' lang='lat' dir='ltr'><strong>edd.</strong></span> <span class='ocrx_word' id='word_1_281' title='bbox 576 3333 715 3384; x_wconf 82' lang='lat' dir='ltr'><strong>Bake</strong></span> <span class='ocrx_word' id='word_1_282' title='bbox 734 3337 933 3394; x_wconf 75' lang='lat' dir='ltr'><strong>transp-</strong></span> <span class='ocrx_word' id='word_1_283' title='bbox 956 3345 1038 3381; x_wconf 87' lang='grc'><strong>866</strong></span> <span class='ocrx_word' id='word_1_284' title='bbox 1060 3330 1260 3381; x_wconf 85' lang='lat' dir='ltr'><strong>Gomm.</strong></span> <span class='ocrx_word' id='word_1_285' title='bbox 1391 3329 1452 3378; x_wconf 89' lang='lat'><strong>11</strong></span> <span class='ocrx_word' id='word_1_286' title='bbox 1482 3331 1761 3392; x_wconf 70' lang='lat' dir='ltr'><strong>yiqmntur</strong></span> <span class='ocrx_word' id='word_1_287' title='bbox 1779 3342 1891 3390; x_wconf 83' lang='grc'><strong>1188,</strong></span> <span class='ocrx_word' id='word_1_288' title='bbox 1916 3331 2192 3390; x_wconf 68' lang='lat' dir='ltr'><strong>yifflmntur</strong></span> <span class='ocrx_word' id='word_1_289' title='bbox 2214 3326 2334 3378; x_wconf 85' lang='lat' dir='ltr'><strong>Sch.</strong></span> <span class='ocrx_word' id='word_1_290' title='bbox 2469 3328 2532 3378; x_wconf 84' lang='lat'><strong>15</strong></span> <span class='ocrx_word' id='word_1_291' title='bbox 2563 3330 2696 3379; x_wconf 77' lang='lat' dir='ltr'><strong>vidi-</strong></span> 
     </span>
     <span class='ocr_line' id='line_1_31' title="bbox 406 3407 2696 3473; baseline -0.002 -10"><span class='ocrx_word' id='word_1_292' title='bbox 406 3418 551 3463; x_wconf 65' lang='lat' dir='ltr'><strong>mut</strong></span> <span class='ocrx_word' id='word_1_293' title='bbox 592 3411 682 3464; x_wconf 86' lang='lat' dir='ltr'><strong>Or.</strong></span> <span class='ocrx_word' id='word_1_294' title='bbox 715 3413 812 3464; x_wconf 87' lang='lat' dir='ltr'><strong>Ba.</strong></span> <span class='ocrx_word' id='word_1_295' title='bbox 852 3410 972 3465; x_wconf 79' lang='lat' dir='ltr'><strong>Seh.</strong></span> <span class='ocrx_word' id='word_1_296' title='bbox 1011 3411 1121 3462; x_wconf 78' lang='lat' dir='ltr'><strong>Mu.</strong></span> <span class='ocrx_word' id='word_1_297' title='bbox 1324 3407 1391 3463; x_wconf 79' lang='lat'><strong>1⁷</strong></span> <span class='ocrx_word' id='word_1_298' title='bbox 1431 3425 1561 3473; x_wconf 72' lang='lat' dir='ltr'><strong>quac</strong></span> <span class='ocrx_word' id='word_1_299' title='bbox 1594 3409 1819 3459; x_wconf 65' lang='lat' dir='ltr'><strong>Ecum</strong></span> <span class='ocrx_word' id='word_1_300' title='bbox 1856 3408 1977 3460; x_wconf 81' lang='lat' dir='ltr'><strong>Sch.</strong></span> <span class='ocrx_word' id='word_1_301' title='bbox 2012 3408 2139 3469; x_wconf 66' lang='lat' dir='ltr'><strong>Mu„</strong></span> <span class='ocrx_word' id='word_1_302' title='bbox 2180 3422 2275 3470; x_wconf 74' lang='lat' dir='ltr'><strong>que</strong></span> <span class='ocrx_word' id='word_1_303' title='bbox 2306 3407 2512 3470; x_wconf 57' lang='grc' dir='ltr'><strong>ΑΒΚ-Ρ,</strong></span> <span class='ocrx_word' id='word_1_304' title='bbox 2554 3423 2696 3472; x_wconf 79' lang='lat' dir='ltr'><strong>quem</strong></span> 
     </span>
    </p>
   </div>
   <div class='ocr_carea' id='block_1_4' title="bbox 403 3488 2694 3635">
    <p class='ocr_par' dir='ltr' id='par_1_6' title="bbox 403 3488 2694 3635">
     <span class='ocr_line' id='line_1_32' title="bbox 405 3488 2694 3556; baseline -0.001 -12"><span class='ocrx_word' id='word_1_305' title='bbox 405 3494 610 3544; x_wconf 74' lang='lat' dir='ltr'><strong>Manat.</strong></span> <span class='ocrx_word' id='word_1_306' title='bbox 648 3491 737 3544; x_wconf 86' lang='lat' dir='ltr'><strong>Or.</strong></span> <span class='ocrx_word' id='word_1_307' title='bbox 774 3493 886 3555; x_wconf 65' lang='lat' dir='ltr'><strong>Ba„</strong></span> <span class='ocrx_word' id='word_1_308' title='bbox 926 3507 1048 3556; x_wconf 76' lang='lat' dir='ltr'><strong>quos</strong></span> <span class='ocrx_word' id='word_1_309' title='bbox 1081 3490 1237 3542; x_wconf 83' lang='lat' dir='ltr'><strong>Herv.</strong></span> <span class='ocrx_word' id='word_1_310' title='bbox 1397 3493 1703 3553; x_wconf 60' lang='lat' dir='ltr'><strong>ary-umentia</strong></span> <span class='ocrx_word' id='word_1_311' title='bbox 1736 3492 2032 3540; x_wconf 68' lang='lat' dir='ltr'><strong>sententiam</strong></span> <span class='ocrx_word' id='word_1_312' title='bbox 2065 3488 2267 3540; x_wconf 73' lang='lat' dir='ltr'><strong>Manat.</strong></span> <span class='ocrx_word' id='word_1_313' title='bbox 2309 3494 2370 3552; x_wconf 71' lang='grc' dir='ltr'><strong>Β,</strong></span> <span class='ocrx_word' id='word_1_314' title='bbox 2416 3495 2694 3552; x_wconf 66' lang='lat' dir='ltr'><strong>ammenti</strong></span> 
     </span>
     <span class='ocr_line' id='line_1_33' title="bbox 403 3568 2691 3635; baseline -0.002 -11"><span class='ocrx_word' id='word_1_315' title='bbox 403 3576 699 3624; x_wconf 64' lang='lat' dir='ltr'><strong>canariam</strong></span> <span class='ocrx_word' id='word_1_316' title='bbox 734 3586 833 3623; x_wconf 87' lang='grc'><strong>1188</strong></span> <span class='ocrx_word' id='word_1_317' title='bbox 865 3572 1138 3635; x_wconf 80' lang='lat' dir='ltr'><strong>generally,</strong></span> <span class='ocrx_word' id='word_1_318' title='bbox 1183 3577 1469 3633; x_wconf 70' lang='lat' dir='ltr'><strong>arqumento</strong></span> <span class='ocrx_word' id='word_1_319' title='bbox 1508 3571 1807 3620; x_wconf 66' lang='lat' dir='ltr'><strong>sententiaa·</strong></span> <span class='ocrx_word' id='word_1_320' title='bbox 1846 3574 1888 3620; x_wconf 85' lang='grc'><strong>0</strong></span> <span class='ocrx_word' id='word_1_321' title='bbox 1927 3568 2063 3619; x_wconf 80' lang='lat' dir='ltr'><strong>Med.</strong></span> <span class='ocrx_word' id='word_1_322' title='bbox 2107 3568 2165 3619; x_wconf 74' lang='lat' dir='ltr'><strong>of</strong></span> <span class='ocrx_word' id='word_1_323' title='bbox 2202 3568 2332 3619; x_wconf 85' lang='lat' dir='ltr'><strong>Dav.</strong></span> <span class='ocrx_word' id='word_1_324' title='bbox 2366 3569 2547 3619; x_wconf 85' lang='lat' dir='ltr'><strong>Lamb.</strong></span> <span class='ocrx_word' id='word_1_325' title='bbox 2582 3569 2691 3620; x_wconf 83' lang='lat' dir='ltr'><strong>Mu.</strong></span> 
     </span>
    </p>
   </div>
   <div class='ocr_carea' id='block_1_5' title="bbox 390 3650 2690 4196">
    <p class='ocr_par' dir='ltr' id='par_1_7' title="bbox 390 3650 2690 4196">
     <span class='ocr_line' id='line_1_34' title="bbox 402 3650 2690 3716; baseline -0.002 -11"><span class='ocrx_word' id='word_1_326' title='bbox 402 3661 696 3716; x_wconf 61' lang='lat' dir='ltr'><strong>masmana</strong></span> <span class='ocrx_word' id='word_1_327' title='bbox 713 3656 985 3704; x_wconf 68' lang='lat' dir='ltr'><strong>tententiae</strong></span> <span class='ocrx_word' id='word_1_328' title='bbox 1005 3653 1218 3703; x_wconf 73' lang='lat' dir='ltr'><strong>Mosei-’s</strong></span> <span class='ocrx_word' id='word_1_329' title='bbox 1237 3653 1282 3702; x_wconf 82' lang='lat' dir='ltr'><strong>E</strong></span> <span class='ocrx_word' id='word_1_330' title='bbox 1306 3651 1410 3702; x_wconf 84' lang='lat' dir='ltr'><strong>and</strong></span> <span class='ocrx_word' id='word_1_331' title='bbox 1431 3651 1475 3703; x_wconf 92' lang='grc'><strong>0</strong></span> <span class='ocrx_word' id='word_1_332' title='bbox 1499 3650 1619 3702; x_wconf 81' lang='lat' dir='ltr'><strong>Sch.</strong></span> <span class='ocrx_word' id='word_1_333' title='bbox 1643 3651 1732 3702; x_wconf 88' lang='lat' dir='ltr'><strong>Or.</strong></span> <span class='ocrx_word' id='word_1_334' title='bbox 1753 3651 1848 3700; x_wconf 86' lang='lat' dir='ltr'><strong>Ba.</strong></span> <span class='ocrx_word' id='word_1_335' title='bbox 2086 3650 2150 3699; x_wconf 84' lang='grc'><strong>18</strong></span> <span class='ocrx_word' id='word_1_336' title='bbox 2182 3651 2376 3700; x_wconf 77' lang='lat' dir='ltr'><strong>beatum</strong></span> <span class='ocrx_word' id='word_1_337' title='bbox 2395 3658 2558 3700; x_wconf 78' lang='lat' dir='ltr'><strong>autem</strong></span> <span class='ocrx_word' id='word_1_338' title='bbox 2576 3666 2619 3700; x_wconf 71' lang='lat' dir='ltr'><strong>s.</strong></span> <span class='ocrx_word' id='word_1_339' title='bbox 2639 3667 2690 3701; x_wconf 82' lang='lat' dir='ltr'><strong>v.</strong></span> 
     </span>
     <span class='ocr_line' id='line_1_35' title="bbox 402 3729 2685 3794; baseline 0.001 -14"><span class='ocrx_word' id='word_1_340' title='bbox 402 3732 643 3780; x_wconf 69' lang='lat' dir='ltr'><strong>nentinem</strong></span> <span class='ocrx_word' id='word_1_341' title='bbox 662 3745 761 3781; x_wconf 71' lang='lat' dir='ltr'><strong>esse</strong></span> <span class='ocrx_word' id='word_1_342' title='bbox 782 3745 925 3794; x_wconf 70' lang='lat' dir='ltr'><strong>poue</strong></span> <span class='ocrx_word' id='word_1_343' title='bbox 946 3731 1063 3781; x_wconf 72' lang='lat' dir='ltr'><strong>Asc.</strong></span> <span class='ocrx_word' id='word_1_344' title='bbox 1092 3730 1217 3782; x_wconf 78' lang='lat' dir='ltr'><strong>UTo</strong></span> <span class='ocrx_word' id='word_1_345' title='bbox 1245 3729 1364 3783; x_wconf 80' lang='lat' dir='ltr'><strong>Sch.</strong></span> <span class='ocrx_word' id='word_1_346' title='bbox 1395 3729 1523 3788; x_wconf 72' lang='lat' dir='ltr'><strong>Mu„</strong></span> <span class='ocrx_word' id='word_1_347' title='bbox 1550 3732 1680 3780; x_wconf 78' lang='lat' dir='ltr'><strong>beat.</strong></span> <span class='ocrx_word' id='word_1_348' title='bbox 1701 3737 1810 3780; x_wconf 79' lang='lat' dir='ltr'><strong>aut.</strong></span> <span class='ocrx_word' id='word_1_349' title='bbox 1831 3743 1931 3780; x_wconf 75' lang='lat' dir='ltr'><strong>me</strong></span> <span class='ocrx_word' id='word_1_350' title='bbox 1950 3745 1993 3779; x_wconf 71' lang='grc' dir='ltr'><strong>ε.</strong></span> <span class='ocrx_word' id='word_1_351' title='bbox 2013 3744 2063 3780; x_wconf 79' lang='grc' dir='ltr'><strong>υ.</strong></span> <span class='ocrx_word' id='word_1_352' title='bbox 2085 3745 2210 3780; x_wconf 73' lang='lat' dir='ltr'><strong>nem.</strong></span> <span class='ocrx_word' id='word_1_353' title='bbox 2235 3745 2377 3793; x_wconf 67' lang='lat' dir='ltr'><strong>posse</strong></span> <span class='ocrx_word' id='word_1_354' title='bbox 2398 3729 2441 3779; x_wconf 92' lang='lat' dir='ltr'>B</span> <span class='ocrx_word' id='word_1_355' title='bbox 2464 3730 2552 3780; x_wconf 91' lang='lat' dir='ltr'><strong>Or.</strong></span> <span class='ocrx_word' id='word_1_356' title='bbox 2573 3731 2685 3794; x_wconf 71' lang='lat' dir='ltr'><strong>Ba„</strong></span> 
     </span>
     <span class='ocr_line' id='line_1_36' title="bbox 403 3810 2689 3874; baseline 0.001 -14"><span class='ocrx_word' id='word_1_357' title='bbox 403 3811 533 3860; x_wconf 76' lang='lat' dir='ltr'><strong>beat.</strong></span> <span class='ocrx_word' id='word_1_358' title='bbox 555 3818 665 3860; x_wconf 68' lang='grc' dir='ltr'><strong>(ωε.</strong></span> <span class='ocrx_word' id='word_1_359' title='bbox 685 3826 728 3860; x_wconf 76' lang='grc'><strong>8.</strong></span> <span class='ocrx_word' id='word_1_360' title='bbox 747 3825 801 3861; x_wconf 81' lang='lat' dir='ltr'><strong>v.</strong></span> <span class='ocrx_word' id='word_1_361' title='bbox 819 3825 947 3861; x_wconf 71' lang='lat' dir='ltr'><strong>nen.</strong></span> <span class='ocrx_word' id='word_1_362' title='bbox 960 3823 1105 3873; x_wconf 73' lang='lat' dir='ltr'><strong>pom</strong></span> <span class='ocrx_word' id='word_1_363' title='bbox 1122 3810 1227 3872; x_wconf 78' lang='lat' dir='ltr'><strong>AG,</strong></span> <span class='ocrx_word' id='word_1_364' title='bbox 1253 3812 1382 3861; x_wconf 75' lang='lat' dir='ltr'><strong>beat.</strong></span> <span class='ocrx_word' id='word_1_365' title='bbox 1403 3818 1513 3861; x_wconf 74' lang='lat' dir='ltr'><strong>aut.</strong></span> <span class='ocrx_word' id='word_1_366' title='bbox 1533 3825 1578 3861; x_wconf 79' lang='grc'><strong>8.</strong></span> <span class='ocrx_word' id='word_1_367' title='bbox 1597 3825 1648 3860; x_wconf 81' lang='lat' dir='ltr'><strong>v.</strong></span> <span class='ocrx_word' id='word_1_368' title='bbox 1669 3825 1795 3860; x_wconf 78' lang='lat' dir='ltr'><strong>nem.</strong></span> <span class='ocrx_word' id='word_1_369' title='bbox 1816 3825 1917 3860; x_wconf 73' lang='lat' dir='ltr'><strong>esee</strong></span> <span class='ocrx_word' id='word_1_370' title='bbox 1937 3810 2003 3860; x_wconf 85' lang='lat' dir='ltr'><strong>E.</strong></span> <span class='ocrx_word' id='word_1_371' title='bbox 2207 3811 2272 3859; x_wconf 78' lang='lat'><strong>24</strong></span> <span class='ocrx_word' id='word_1_372' title='bbox 2301 3813 2582 3874; x_wconf 64' lang='lat' dir='ltr'><strong>suntpsisses</strong></span> <span class='ocrx_word' id='word_1_373' title='bbox 2606 3819 2689 3863; x_wconf 76' lang='lat' dir='ltr'><strong>tuo</strong></span> 
     </span>
     <span class='ocr_line' id='line_1_37' title="bbox 390 3889 2688 3955; baseline 0.001 -15"><span class='ocrx_word' id='word_1_374' title='bbox 390 3893 511 3950; x_wconf 70' lang='lat' dir='ltr'><strong>jure</strong></span> <span class='ocrx_word' id='word_1_375' title='bbox 541 3889 740 3941; x_wconf 75' lang='lat' dir='ltr'><strong>follows</strong></span> <span class='ocrx_word' id='word_1_376' title='bbox 769 3893 901 3941; x_wconf 72' lang='lat' dir='ltr'><strong>istuc</strong></span> <span class='ocrx_word' id='word_1_377' title='bbox 930 3892 1183 3954; x_wconf 67' lang='lat' dir='ltr'><strong>undatim</strong></span> <span class='ocrx_word' id='word_1_378' title='bbox 1213 3891 1250 3941; x_wconf 93' lang='grc'><strong>1.</strong></span> <span class='ocrx_word' id='word_1_379' title='bbox 1273 3892 1337 3940; x_wconf 81' lang='lat'><strong>24</strong></span> <span class='ocrx_word' id='word_1_380' title='bbox 1367 3891 1426 3941; x_wconf 80' lang='lat' dir='ltr'><strong>in</strong></span> <span class='ocrx_word' id='word_1_381' title='bbox 1456 3890 1529 3942; x_wconf 86' lang='lat' dir='ltr'><strong>all</strong></span> <span class='ocrx_word' id='word_1_382' title='bbox 1559 3905 1676 3954; x_wconf 87' lang='grc'><strong>1188,</strong></span> <span class='ocrx_word' id='word_1_383' title='bbox 1711 3890 1987 3941; x_wconf 79' lang='lat' dir='ltr'><strong>Faeciolati</strong></span> <span class='ocrx_word' id='word_1_384' title='bbox 2017 3895 2214 3953; x_wconf 79' lang='lat' dir='ltr'><strong>transp.</strong></span> <span class='ocrx_word' id='word_1_385' title='bbox 2339 3893 2688 3955; x_wconf 65' lang='lat' dir='ltr'><strong>sumpsisses—-</strong></span> 
     </span>
     <span class='ocr_line' id='line_1_38' title="bbox 396 3969 2683 4038; baseline 0.002 -17"><span class='ocrx_word' id='word_1_386' title='bbox 396 3972 653 4035; x_wconf 60' lang='lat' dir='ltr'><strong>arcelaum</strong></span> <span class='ocrx_word' id='word_1_387' title='bbox 679 3985 784 4022; x_wconf 84' lang='lat' dir='ltr'><strong>om.</strong></span> <span class='ocrx_word' id='word_1_388' title='bbox 816 3970 885 4033; x_wconf 82' lang='lat' dir='ltr'><strong>U,</strong></span> <span class='ocrx_word' id='word_1_389' title='bbox 916 3973 1048 4022; x_wconf 71' lang='lat' dir='ltr'><strong>istuc</strong></span> <span class='ocrx_word' id='word_1_390' title='bbox 1071 3973 1525 4035; x_wconf 67' lang='lat' dir='ltr'><strong>pervenire-istuc</strong></span> <span class='ocrx_word' id='word_1_391' title='bbox 1551 3974 1807 4034; x_wconf 71' lang='lat' dir='ltr'><strong>mudatim</strong></span> <span class='ocrx_word' id='word_1_392' title='bbox 1826 3985 1930 4022; x_wconf 89' lang='lat' dir='ltr'><strong>om.</strong></span> <span class='ocrx_word' id='word_1_393' title='bbox 1958 3975 1998 4021; x_wconf 77' lang='lat' dir='ltr'>B</span> <span class='ocrx_word' id='word_1_394' title='bbox 2021 3969 2246 4035; x_wconf 78' lang='lat' dir='ltr'><strong>(reading</strong></span> <span class='ocrx_word' id='word_1_395' title='bbox 2274 3976 2320 4021; x_wconf 80' lang='lat' dir='ltr'><strong>te</strong></span> <span class='ocrx_word' id='word_1_396' title='bbox 2339 3973 2483 4033; x_wconf 73' lang='lat' dir='ltr'><strong>arad.</strong></span> <span class='ocrx_word' id='word_1_397' title='bbox 2503 3988 2683 4038; x_wconf 70' lang='lat' dir='ltr'><strong>cumps.</strong></span> 
     </span>
     <span class='ocr_line' id='line_1_39' title="bbox 400 4052 2677 4119; baseline 0.002 -17"><span class='ocrx_word' id='word_1_398' title='bbox 400 4059 486 4102; x_wconf 74' lang='lat' dir='ltr'><strong>tuo</strong></span> <span class='ocrx_word' id='word_1_399' title='bbox 512 4052 671 4118; x_wconf 66' lang='lat' dir='ltr'><strong>jun-e).</strong></span> <span class='ocrx_word' id='word_1_400' title='bbox 806 4053 1245 4116; x_wconf 58' lang='lat' dir='ltr'><strong>quid-madano·</strong></span> <span class='ocrx_word' id='word_1_401' title='bbox 1279 4065 1385 4104; x_wconf 87' lang='lat' dir='ltr'><strong>om.</strong></span> <span class='ocrx_word' id='word_1_402' title='bbox 1421 4052 1649 4106; x_wconf 78' lang='lat' dir='ltr'><strong>walker.</strong></span> <span class='ocrx_word' id='word_1_403' title='bbox 1787 4053 1916 4117; x_wconf 71' lang='lat' dir='ltr'><strong>quid</strong></span> <span class='ocrx_word' id='word_1_404' title='bbox 1949 4054 2201 4105; x_wconf 58' lang='lat' dir='ltr'><strong>mauro</strong></span> <span class='ocrx_word' id='word_1_405' title='bbox 2239 4054 2386 4115; x_wconf 85' lang='lat' dir='ltr'><strong>(corr.</strong></span> <span class='ocrx_word' id='word_1_406' title='bbox 2422 4056 2477 4106; x_wconf 82' lang='lat' dir='ltr'><strong>to</strong></span> <span class='ocrx_word' id='word_1_407' title='bbox 2509 4057 2677 4119; x_wconf 72' lang='lat' dir='ltr'><strong>quod),</strong></span> 
     </span>
     <span class='ocr_line' id='line_1_40' title="bbox 398 4131 998 4196; baseline 0.002 -13"><span class='ocrx_word' id='word_1_408' title='bbox 398 4135 533 4196; x_wconf 76' lang='lat' dir='ltr'><strong>quod</strong></span> <span class='ocrx_word' id='word_1_409' title='bbox 552 4133 737 4194; x_wconf 65' lang='lat' dir='ltr'>XCIV,</span> <span class='ocrx_word' id='word_1_410' title='bbox 763 4135 855 4196; x_wconf 76' lang='lat' dir='ltr'><strong>qui</strong></span> <span class='ocrx_word' id='word_1_411' title='bbox 876 4131 998 4187; x_wconf 73' lang='lat' dir='ltr'><strong>Soh-</strong></span> 
     </span>
    </p>
   </div>
  </div>
 </body>
</html>
