3150 4700
867 245 996 294 ms.
1042 244 1069 293 1
1113 243 1260 293 cn».
1302 243 1528 308 xxvn,
1571 243 1811 294 xxvm
1853 226 1935 314 ἐξ
1976 226 2252 298 75-79.
2445 266 2452 272 ·
2629 232 2713 301 27

419 399 644 457 taurus
671 411 876 477 equae
905 390 1421 470 contrectatione,
1448 412 1660 478 equus
1685 394 1948 459 vaccaei
2031 391 2142 459 An
2178 400 2255 459 tu
2288 393 2573 480 aquilam
2600 403 2717 460 aut

418 495 671 560 leonem
726 502 844 561 aut
899 495 1282 582 delphinum
1338 495 1541 561 ullam
1589 496 1906 562 anteferre
1951 516 2171 562 censes
2211 497 2484 583 figuram
2529 500 2738 569 suael,

420 595 592 677 Quid
620 597 819 684 igitur
844 598 1101 677 mirum,
1131 599 1186 663 si
1215 598 1337 663 hoc
1362 597 1591 665 eodem
1619 598 1810 664 modo
1838 598 2090 665 homini
2111 607 2348 664 natura
2371 601 2720 686 praescrip-

418 701 521 777 sit,
551 707 629 766 ut
652 700 817 765 nihil
848 700 1180 786 pulchrius
1207 722 1405 785 quam
1432 699 1768 766 hominem
1793 709 2072 787 putaret,
2103 723 2249 767 eam
2277 723 2415 767 esse
2442 724 2721 781 causam,

358 827 391 888 5
419 824 535 867 cur
571 802 723 868 deos
763 802 1106 868 hominum
1149 803 1391 868 similes
1431 808 1850 889 putaremus?
1934 803 2112 885 Quid
2153 807 2407 871 censes?
2456 804 2513 869 si
2553 806 2716 871 ratio
2746 819 2826 878 78

418 914 589 972 esset
629 906 701 972 in
742 906 970 984 beluis,
1011 926 1145 972 non
1193 927 1312 972 suo
1357 927 1646 992 quasque
1694 906 1916 993 generi
1964 906 2318 995 plurimum
2361 907 2719 975 tributuras

415 1012 652 1079 fuisse?
736 1012 1058 1078 XXVIII.
1121 1010 1217 1076 At
1260 1010 1629 1077 mehercule
1673 1033 1798 1097 ego
1845 1010 2080 1094 (dicam
2121 1009 2319 1092 enim,
2361 1018 2442 1076 ut
2482 1012 2715 1099 sentio)

417 1112 715 1200 quamvis
741 1136 957 1181 amem
991 1114 1131 1199 ipse
1174 1134 1301 1194 me,
1343 1121 1566 1179 tamen
1610 1134 1744 1179 non
1786 1112 1993 1180 audeo
2038 1111 2252 1178 dicere
2292 1112 2718 1198 pulchriorem

418 1235 556 1280 esse
603 1237 731 1294 me,
777 1236 975 1302 quam
1023 1214 1134 1280 ille
1192 1213 1390 1280 fuerit
1444 1221 1689 1293 taurus,
1739 1213 1855 1301 qui
1903 1212 2086 1279 vexit
2131 1214 2476 1300 Europam.
2562 1213 2631 1280 N
2632 1238 2717 1280 on

322 1344 397 1384 10
421 1315 595 1380 enim
636 1315 759 1381 hoc
800 1317 938 1383 loco
978 1315 1063 1382 de
1112 1314 1391 1401 ingeniis
1440 1320 1558 1380 aut
1604 1314 1689 1381 de
1734 1315 2130 1381 orationibus
2176 1315 2425 1395 nostris,
2469 1314 2583 1381 sed
2631 1316 2717 1382 de

417 1419 628 1504 specie
684 1419 1017 1506 figuraque
1073 1419 1420 1506 quaeritur.
1513 1418 1761 1501 Quodsi
1813 1418 2057 1505 fingere
2106 1417 2291 1483 nobis
2333 1426 2404 1484 et
2441 1417 2718 1505 jungere

418 1521 653 1585 formas
679 1520 975 1599 velimus,
1002 1520 1214 1606 qualis
1240 1519 1353 1585 ille
1380 1520 1747 1586 maritimus
1774 1520 2002 1585 Triton
2028 1519 2318 1605 pingitur
2343 1520 2718 1587 natantibus

420 1620 734 1687 invehens
765 1622 974 1688 beluis
1012 1622 1335 1710 adjunctis
1372 1623 1662 1689 humano
1689 1623 1949 1709 corpori,
1978 1622 2144 1688 nolis
2182 1626 2366 1688 esse?
2448 1622 2717 1689 Difficili

420 1724 492 1788 in
517 1724 656 1815 loco
684 1747 915 1792 versor.
1005 1726 1126 1792 Est
1155 1727 1331 1792 enim
1356 1727 1455 1792 vis
1481 1734 1670 1792 tanta
1699 1734 1985 1805 naturae,
2011 1733 2090 1791 ut
2118 1726 2309 1790 homo
2333 1746 2528 1791 nemo
2555 1725 2716 1790 velit

323 1855 395 1916 15
421 1830 547 1895 nisi
587 1829 868 1894 hominis
910 1827 1139 1894 similis
1180 1849 1334 1894 esse.
1420 1827 1519 1893 Et
1562 1827 1828 1915 quidem
1877 1827 2142 1893 formica
2178 1826 2502 1894 formicae.
2584 1826 2715 1893 Sed
2744 1837 2822 1896 ¹79

418 1940 642 1998 tamen
698 1932 882 2019 cujus
938 1930 1261 1996 hominis?
1332 1939 1571 2016 quotus
1641 1931 1817 1995 enim
1873 1929 2146 2016 quisque
2199 1930 2511 1995 formosus
2564 1934 2717 1996 est?
2778 1964 2804 1999 e

419 2033 701 2101 Athenis
727 2057 876 2101 cum
904 2056 1128 2111 essem,
1160 2055 1198 2099 e
1230 2033 1532 2120 gregibus
1571 2033 1969 2119 epheborum
2008 2033 2121 2097 vix
2161 2032 2400 2119 singuli
2440 2032 2719 2117 reperie-

420 2137 679 2203 bantur.
764 2136 991 2215 Video,
1046 2135 1204 2222 quid
1261 2135 1560 2213 arriseris,
1616 2135 1733 2201 sed
1786 2134 1884 2201 ita
1938 2143 2160 2200 tamen
2215 2157 2284 2200 se
2341 2157 2444 2200 res
2500 2135 2712 2200 habet.

421 2240 673 2306 Deinde
702 2239 901 2320 nobis,
928 2240 1043 2325 qui
1072 2238 1565 2305 concedentibus
1593 2237 1988 2325 philosophis
2027 2237 2308 2324 antiquis
2333 2212 2715 2304 adulescen-

319 2373 396 2413 20
422 2345 576 2412 tulis
604 2345 1012 2426 delectamur,
1040 2344 1240 2412 etiam
1268 2343 1431 2411 vitia
1469 2367 1661 2430 saepe
1695 2343 1987 2432 jucunda
2027 2352 2197 2410 sunt.
2287 2342 2356 2410 N
2364 2364 2591 2409 aevus
2635 2341 2712 2408 in

418 2451 742 2518 articulo
787 2451 999 2534 pueri
1050 2450 1385 2515 delectat
1434 2450 1769 2516 Alcaeum.
1854 2448 1951 2514 At
1996 2456 2095 2514 est
2143 2448 2420 2534 corporis
2460 2447 2715 2512 macula

421 2576 679 2621 naevus.
768 2554 879 2619 Illi
929 2562 1153 2618 tamen
1195 2553 1317 2618 hoc
1356 2552 1584 2617 lumen
1624 2550 1981 2618 videbatur.
2071 2551 2148 2631 Q.
2191 2550 2479 2627 Catulus,
2518 2549 2716 2636 hujus

418 2658 697 2743 collegae
725 2664 795 2722 et
820 2655 1151 2721 familiaris
1178 2655 1379 2721 nostri
1406 2663 1609 2741 pater,
1638 2654 1869 2721 dilexit
1896 2654 2289 2741 municipem
2322 2663 2515 2721 tuum
2552 2655 2714 2722 Ros-

419 2760 610 2839 cium,
637 2760 709 2826 in
737 2782 936 2846 quem
962 2759 1165 2825 etiam
1192 2758 1356 2823 illud
1384 2767 1483 2824 est
1513 2758 1570 2844 ej
1578 2780 1684 2824 us:

315 2909 390 2970 25
631 2879 1084 2936 constiteram
1129 2878 1537 2934 exorientem
1583 2877 1911 2932 Auroram
1954 2876 2129 2933 forte
2172 2876 2496 2949 salutans,

701 2965 862 3021 Cum
905 2964 1133 3021 subito
1177 2981 1215 3021 a
1258 2963 1448 3020 laeva
1492 2962 1774 3018 Roscius
1818 2959 2138 3020 exoritur.

628 3052 795 3110 Pace
839 3052 1007 3108 mihi
1050 3052 1269 3121 liceat,
1318 3050 1665 3120 caelestes,
1711 3049 1934 3106 dicere
1979 3053 2221 3120 vestra,

698 3138 1013 3195 Mortalis
1056 3139 1280 3193 visust
1322 3136 1670 3210 pulchrior
1714 3153 1857 3191 esse
1901 3135 2036 3192 dee.

419 3241 595 3311 Huic
622 3243 742 3309 deo
762 3243 1113 3330 pulchrior;
1155 3251 1227 3309 at
1253 3250 1410 3322 erat,
1427 3242 1619 3309 sicuti
1646 3241 1837 3307 hodie
1854 3249 1970 3321 est,
1987 3240 2477 3328 perversissimis
2496 3241 2708 3308 oculis.

309 3380 390 3439 30
418 3348 594 3430 Quid
635 3349 847 3428 refert,
888 3347 947 3412 si
987 3347 1110 3411 hoc
1149 3346 1365 3432 ipsum
1405 3345 1647 3410 salsum
1689 3344 1789 3409 illi
1831 3350 1901 3409 et
1941 3352 2290 3410 venustum
2332 3344 2709 3413 videbatur?

511 3462 546 3512 4
576 3463 715 3527 [eam
734 3460 1236 3523 esse-putaremus]
1257 3458 1345 3509 Or.
1366 3458 1460 3508 Ba.
1485 3457 1608 3508 Βοὴ.
1630 3456 1739 3507 Mu.
1762 3470 1849 3507 see
1870 3455 2072 3507 Oomm.
2177 3456 2242 3506 13
2273 3458 2466 3521 corpori
2487 3457 2623 3522 [0111
2634 3468 2705 3522 4,

414 3559 612 3608 empore
631 3543 933 3597 ABEBK4.
1141 3540 1204 3592 15
1239 3542 1451 3591 hominis
1474 3539 1662 3604 [Bon
1687 3541 1876 3591 honuni
1895 3538 2041 3589 ΔΕΗ
2061 3538 2180 3589 Asc.
2202 3542 2376 3594 Πψ.
2492 3540 2712 3603 sefflica

404 3626 651 3688 formicae
685 3623 805 3674 Asc.
837 3626 925 3674 ΟΕ
959 3620 1114 3686 [BE-1,
1148 3622 1394 3685 sennim
1425 3620 1759 3675 AOm-b.
1966 3619 2033 3668 20
2052 3620 2285 3682 jucunda
2320 3617 2447 3680 A1B,
2483 3620 2712 3682 jocunda

414 3702 620 3754 A¹GEU
661 3701 800 3753 Mus.
1029 3701 1092 3751 21
1125 3702 1341 3751 maculo
1374 3702 1526 3764 pueri
1568 3712 1668 3750 uss
1708 3696 1982 3762 generally,
2020 3699 2209 3761 pericle
2242 3711 2401 3761 puero
2443 3697 2538 3749 Gn
2578 3711 2712 3750 corr.

414 3785 481 3833 22
514 3785 577 3846 Q.
601 3785 811 3834 Catulus
830 3780 964 3841 edd„
989 3783 1206 3844 Quintus
1229 3782 1439 3832 Catulus
1459 3780 1630 3835 XB÷.
1813 3779 1882 3830 25
1910 3780 2209 3829 exorientem
2229 3777 2435 3841 [3]OE
2460 3782 2711 3831 εεονίεπεο

413 3863 1244 3925 CEBK÷,aeorienteAso.E-fl-,
1269 3860 1665 3925 erm-pentem&
1936 3860 2002 3908 28
2031 3860 2211 3909 υἰειιόε
2230 3857 2457 3910 Ursinus
2477 3858 2705 3924 Or.Ba.,

411 3944 571 3992 viam
594 3940 715 3992 Sch.
736 3941 861 4003 Mu„
886 3943 1024 3992 visun
1044 3954 1142 3991 uss
1162 3939 1438 4003 generally,
1462 3941 1603 3989 visus
1623 3945 1698 3988 est
1716 3937 1835 3987 Asc.
1853 3941 1916 3988 V.
2107 3938 2175 3988 29
2208 3940 2327 3987 huic
2346 3940 2434 3988 deo
2447 3941 2711 4002 pulchrior

414 4023 813 4088 ussgenerally,
852 4021 1621 4087 raaiopukmordeoVSch„
1658 4021 2710 4084 huieilledeopulchriorvidebamll.

413 4100 1814 4167 aterat[G]1‚adem2800,aderatABEAsc.-l·.
2029 4099 2708 4165 θοοαιιιαιι[ΔΒ],]αιουαι

414 4180 501 4231 ΟΕ
524 4181 660 4234 Mus.
681 4183 799 4234 Asc.
