3150 4700
484 255 571 320 32
1248 268 1342 317 nr.
1384 267 1669 319 NATURA
1712 265 2018 319 mmmm.

483 418 674 485 video
721 424 791 484 te
847 415 1100 482 venisse
1155 415 1500 502 gradibus3
1554 438 1601 483 a
1651 415 1901 482 ratione
1959 414 2041 480 ad
2103 413 2456 479 humanam
2506 410 2777 498 figuram

482 540 612 605 quo
655 518 848 585 modo
888 518 1178 585 accedis?
1264 517 1697 604 Praecipitare
1731 517 1902 583 istuc
1953 515 2216 603 quidem
2275 523 2393 605 est,
2449 536 2581 581 non
2633 514 2779 581 des-

375 640 453 700 90
484 624 769 692 cendere.
900 624 968 689 N
971 645 1045 690 ec
1109 645 1261 689 vero
1323 623 1648 710 intellegO,
1704 643 1820 688 cur
1881 621 2189 688 maluerit
2252 620 2570 706 Epicurus
2624 619 2779 684 deos

483 730 821 795 hominum
849 728 1092 795 similes
1120 728 1331 795 dicere
1359 749 1559 813 quam
1589 725 1883 792 homines
1911 724 2196 791 deorum.
2285 723 2588 804 Quaeres,
2620 721 2777 808 quid

478 831 776 912 intersit3
820 830 876 896 si
925 830 1103 897 enim
1152 829 1274 895 hoc
1322 829 1423 894 illi
1473 828 1686 895 simile
1731 828 1834 906 sit,
1885 849 2022 893 esse
2067 826 2233 892 illud
2275 825 2444 893 huic.
2532 822 2775 903 Vide03
2815 842 2882 912 ,5

478 933 593 1000 sed
639 933 760 999 hoc
804 932 963 1011 dicu,
1013 953 1146 998 non
1194 932 1278 998 ab
1336 930 1706 996 hominibus
1754 931 1997 996 formae
2054 927 2330 1014 figuram
2386 926 2637 993 venisse
2693 926 2777 992 ad

478 1037 668 1118 deos;
713 1037 781 1103 di
824 1037 1000 1103 enim
1042 1057 1295 1123 semper
1337 1034 1622 1115 fuerunt,
1661 1034 1805 1099 nati
1846 1054 2207 1119 numquam
2244 1040 2415 1111 sunt,
2457 1029 2778 1117 siquidem

479 1140 726 1205 aeterni
783 1148 939 1206 sunt
994 1139 1236 1220 futuri3
1300 1146 1374 1205 at
1430 1137 1728 1205 homines
1781 1137 1964 1218 nati;
2021 1145 2177 1203 ante
2233 1136 2436 1223 igitur
2491 1135 2780 1201 humana

477 1243 684 1308 forma
711 1265 907 1329 quarn
934 1243 1230 1309 homines
1263 1265 1356 1323 ea,
1387 1264 1518 1328 qua
1549 1251 1737 1308 erant
1772 1242 1980 1309 forma
2017 1241 2087 1307 di
2124 1241 2541 1310 immortales.
2622 1239 2775 1307 Non

481 1366 630 1432 ergo
688 1345 946 1412 illorum
1003 1345 1289 1412 humana
1340 1345 1561 1423 forma,
1618 1345 1736 1411 sed
1783 1354 2003 1411 nostra
2061 1343 2284 1412 divina
2331 1344 2605 1410 dicenda
2659 1352 2776 1411 est.
2809 1371 2883 1411 10

480 1447 727 1514 Verum
770 1449 891 1515 hoc
932 1449 1214 1536 quidem,
1242 1457 1323 1515 ut
1358 1450 1624 1532 voletis;
1663 1449 1830 1516 illud
1862 1472 2118 1536 quaero,
2156 1472 2323 1537 quae
2359 1449 2557 1516 suerit
2590 1458 2779 1518 tanta

482 1552 740 1618 fortuna
770 1552 962 1638 (nihil
991 1554 1165 1619 enim
1194 1554 1442 1620 ratione
1477 1554 1549 1620 in
1577 1577 1794 1621 rerum
1827 1563 2063 1621 natura
2089 1555 2336 1621 factum
2364 1577 2502 1622 esse
2529 1556 2773 1642 vultis),

481 1656 594 1723 sed
642 1665 865 1723 tamen
915 1657 1059 1743 quis
1107 1659 1231 1724 iste
1283 1667 1507 1725 tantus
1552 1662 1779 1725 casus?
1834 1658 2014 1725 unde
2053 1666 2193 1724 tam
2237 1658 2397 1725 felix
2436 1680 2775 1725 concursus

481 1768 860 1841 atomorum,
917 1771 998 1829 ut
1052 1772 1318 1849 repente
1375 1763 1671 1829 homines
1726 1763 1996 1829 deorum
2051 1764 2258 1830 forma
2319 1767 2775 1831 nascerentur?

376 1873 451 1934 91
483 1866 830 1933 Seminane
873 1867 1139 1933 deorum
1181 1867 1489 1934 decidisse
1527 1868 1612 1934 de
1645 1867 1822 1934 caelo
1864 1876 2174 1953 putamus
2208 1868 2279 1933 in
2319 1877 2540 1948 terras,
2577 1876 2648 1935 et
2684 1868 2776 1934 sic
2805 1887 2879 1947 15

480 1968 775 2036 homines
808 1978 1067 2055 patrum
1106 1970 1349 2036 similes
1387 1971 1755 2037 exstitisse?
1839 1970 2096 2037 Vellem
2130 1971 2465 2053 diceretis3
2507 1971 2771 2037 deorum

479 2075 926 2161 cognationem
976 2097 1384 2161 agnoscerem
1433 2097 1565 2141 non
1616 2075 1877 2142 invitus.
1971 2076 2162 2141 Nihil
2201 2076 2334 2142 tale
2383 2076 2616 2155 dicitis,
2661 2078 2774 2144 sed

478 2199 630 2243 casu
671 2198 810 2243 esse
851 2178 1111 2258 factum,
1153 2186 1232 2244 ut
1274 2200 1556 2245 essemus
1599 2179 1841 2244 similes
1877 2178 2160 2245 deorum.
2249 2179 2356 2247 Et.
2376 2202 2549 2246 nunc
2584 2203 2774 2266 argu-

478 2288 702 2346 menta
757 2282 1123 2367 quaerenda
1177 2290 1348 2363 sunt,
1397 2281 1634 2369 quibus
1690 2281 1811 2347 hoc
1858 2281 2223 2348 refellatur!
2311 2283 2589 2350 Utinam
2635 2292 2773 2350 tam

476 2385 662 2450 facile
693 2407 842 2450 vera
869 2386 1157 2451 invenire
1185 2386 1423 2472 possim
1451 2408 1649 2472 quam
1676 2386 1838 2453 falsa
1863 2388 2276 2455 convincere!
2800 2415 2883 2456 20

609 2487 935 2555 XXXIII.
1038 2489 1302 2555 Etenim
1358 2490 1753 2556 enumerasti
1813 2491 2184 2558 memoriter
2237 2499 2309 2559 et
2365 2493 2636 2580 copiose,
2695 2504 2774 2560 ut

481 2592 644 2658 mihi
672 2592 935 2678 quidem
969 2593 1273 2660 admirari
1315 2594 1545 2661 liberet
1589 2596 1661 2660 in
1700 2595 1964 2661 homine
2006 2617 2143 2661 esse
2185 2596 2477 2662 Romano
2518 2606 2772 2665 tantam

481 2698 834 2777 scientiam,
862 2720 1069 2785 usque
1096 2720 1140 2764 a
1165 2698 1368 2765 Thale
1398 2698 1654 2765 Milesio
1682 2700 1767 2766 de
1795 2700 2072 2766 deorum
2090 2708 2324 2766 natura
2365 2701 2774 2789 philosopho-

362 2815 453 2892 ἱ92
480 2826 627 2869 rum
669 2803 1039 2869 sententias,
1130 2803 1457 2870 Omnesne
1498 2803 1625 2870 tibi
1667 2803 1767 2868 illi
1809 2804 2082 2870 delirare
2108 2804 2233 2870 visi
2273 2813 2446 2885 sunt,
2476 2806 2593 2893 qui
2634 2807 2773 2874 sine

480 2905 779 2971 manibus
806 2913 875 2972 et
904 2905 1176 2992 pedibus
1205 2915 1497 2973 constare
1525 2906 1724 2972 deum
1761 2928 1947 2992 posse
1986 2906 2429 2979 decreverint}
2518 2908 2587 2974 N
2589 2929 2626 2974 6
2653 2907 2774 2974 hoc
2803 2916 2875 2977 ²5

479 3006 742 3093 quidem
801 3029 914 3073 vos
969 3016 1189 3075 movet
1245 3007 1740 3087 considerantes,
1798 3028 1965 3093 quae
2022 3007 2111 3073 sit
2165 3007 2421 3074 utilitas
2478 3030 2772 3095 quaeque

477 3112 926 3199 opportunitas
985 3112 1056 3177 in
1113 3112 1375 3180 homine
1448 3112 1903 3190 membrorum,
1962 3118 2041 3177 ut
2102 3110 2414 3197 judicetis
2467 3113 2774 3178 membris

478 3214 780 3281 humanis
825 3215 977 3281 deos
1025 3236 1157 3281 non
1203 3218 1434 3301 egere?
1523 3213 1700 3295 Quid
1745 3214 1923 3281 enim
1972 3213 2247 3300 pedibus
2290 3235 2451 3300 opus
2495 3223 2595 3281 est
2633 3216 2772 3282 sine

475 3319 815 3404 ingressu?
858 3316 1016 3404 quid
1059 3317 1376 3396 manibuS,
1403 3317 1461 3383 si
1487 3316 1658 3382 nihil
1700 3317 2378 3404 comprehendendum
2420 3323 2565 3386 est?
2614 3320 2771 3407 quid

475 3422 727 3509 reliqua
774 3420 1187 3506 discriptione
1233 3421 1526 3488 omnium
1578 3422 1856 3508 corporis
1911 3422 2246 3507 partiqu
2299 3421 2371 3487 in
2420 3443 2560 3514 qua·
2604 3423 2772 3489 nihil
2799 3440 2883 3497 30

476 3529 688 3607 inane,
715 3526 882 3592 nihil
919 3526 1059 3591 sine
1087 3548 1297 3606 causa,
1324 3526 1491 3592 nihil
1519 3512 2070 3614 supervacaneum
2098 3535 2202 3593 est
2232 3526 2295 3614 [3
2336 3527 2561 3614 itaque
2588 3528 2773 3595 nulla

475 3651 579 3696 ars
606 3628 849 3696 imitari
876 3628 1229 3695 sollertiam
1255 3636 1526 3695 naturae
1568 3629 1830 3716 potest}
1916 3628 2210 3695 Habebit
2236 3628 2440 3714 igitur
2480 3630 2771 3715 linguam

477 3733 636 3800 deus
663 3741 733 3800 et
759 3753 890 3798 non
918 3732 1241 3819 loquetur,
1271 3731 1515 3813 dentes,
1542 3733 1858 3820 palatum,
1887 3733 2106 3801 fauces
2142 3734 2398 3799 nullum
2440 3735 2524 3801 ad
2563 3757 2773 3816 usum,

573 3881 606 3932 9
637 3895 700 3931 ea
729 3879 1239 3944 quamgcnerally,
1265 3879 1984 3946 aqueumoormoeaqua)
2006 3880 2129 3945 neg.
2154 3881 2454 3934 Damna.-
2535 3885 2601 3936 15
2630 3887 2774 3935 sant·-

478 3960 1516 4024 naneB,aeemimussgene1-auyseh.
1712 3962 2775 4028 aopouimussgenerslly,poeaemn

477 4042 608 4093 Dav.
629 4040 817 4092 Heind.
843 4040 959 4092 Βοὴ.
1217 4042 1283 4091 22
1317 4029 1490 4093 liberet
1510 4055 1610 4092 uss
1629 4044 1905 4107 generally,
1929 4044 2120 4094 subiret
2138 4042 2276 4105 conj.
2297 4042 2469 4093 Moser
2487 4042 2593 4094 and
2613 4043 2774 4095 Cobet

483 4126 541 4174 V.
576 4124 641 4174 L.
678 4137 730 4187 p.
768 4123 884 4174 461.
1120 4123 1186 4174 25
1215 4125 1519 4175 decreverim
1554 4123 1785 4189 ABcnx,
1827 4127 2144 4176 decreverunt
2175 4124 2351 4176 EUTO
2391 4123 2510 4175 Sch.
2549 4125 2639 4176 Or.
2675 4125 2769 4176 Ba.

477 4204 544 4254 30
573 4205 894 4269 discriptione
916 4202 1064 4267 ABG,
1091 4204 1415 4269 descriptione
1436 4203 1483 4255 E
1497 4203 1673 4261 ÷Sch.
1868 4206 1930 4255 31
1964 4207 2359 4272 itaque-potent
2380 4219 2463 4258 sse
2483 4204 2690 4255 comm.
