3150 4700
439 232 519 294 12
1199 244 1292 292 ns
1336 243 1619 292 NATURA
1662 244 1968 293 DEORUM.

324 396 403 455 30
432 389 671 456 habere
721 396 938 475 potest
985 396 1104 454 aut
1154 410 1351 475 quam
1401 388 1677 453 formam
1727 387 1878 453 dei?
1961 389 2008 454 J
2009 410 2116 453 am
2166 388 2249 454 de
2299 389 2588 458 Platonis
2631 391 2734 458 in·

430 492 794 558 constantia
849 491 1116 577 longum
1175 499 1274 556 est
1331 489 1560 568 dicere,
1609 489 1725 576 qui
1780 490 1853 553 in
1908 489 2171 557 Timaeo
2226 499 2481 576 patrem
2538 493 2735 559 huius

429 593 662 658 mundi
703 592 1023 658 nominari
1059 601 1261 678 neget
1303 613 1505 677 posse,
1547 592 1620 657 in
1661 591 1911 678 Legum
1953 600 2176 658 autem
2218 593 2413 671 libris,
2445 595 2605 680 quid
2644 596 2735 663 sit

431 695 693 759 omnino
722 693 897 773 deus,
929 693 1187 779 anquiri
1216 702 1509 779 oportere
1537 716 1670 758 non
1699 703 1973 760 censeat.
2058 695 2244 760 Idem
2272 704 2342 761 et
2369 697 2438 762 in
2467 698 2733 764 Timaeo

431 795 591 862 dicit
631 804 702 861 et
742 796 814 860 in
857 795 1139 881 Legibus
1182 804 1252 861 et
1292 797 1616 862 mundum
1653 796 1852 861 deum
1893 818 2031 863 esse
2068 804 2139 863 et
2178 797 2428 864 caelum
2462 808 2532 866 et
2558 808 2733 866 astra
2794 815 2832 876 5

430 910 502 967 et
531 910 768 967 terram
794 908 863 967 et
892 901 1140 966 animos
1168 907 1237 965 et
1271 922 1397 980 eos,
1425 923 1587 986 quos
1624 901 1752 986 maj
1760 922 1944 966 orum
1978 902 2300 968 institutis
2327 904 2728 990 accepimus;

430 1023 599 1087 quae
649 1010 718 1066 et
760 1023 883 1087 per
933 1023 1005 1066 se
1056 1009 1211 1066 sunt
1261 1002 1423 1066 falsa
1472 1002 1807 1087 perspicue
1861 1011 1930 1069 et
1977 1003 2151 1068 inter
2199 1025 2269 1069 se
2314 1003 2736 1073 vehementer

429 1106 878 1192 repugnantia.
966 1106 1156 1187 Quod
1194 1128 1345 1172 vero
1389 1106 1529 1172 sine
1572 1128 1831 1193 corpore
1873 1107 2007 1175 ullo
2050 1107 2246 1173 deum
2282 1108 2427 1173 vult
2468 1130 2624 1189 esse,
2652 1117 2731 1176 ut

429 1209 660 1274 Graeci
716 1209 958 1291 dicunt,
1003 1207 1368 1293 ἀσώματον,
1416 1208 1486 1274 id
1537 1209 1727 1294 quale
1783 1230 1919 1274 esse
1975 1209 2198 1295 possit,
2246 1210 2540 1297 intellegi
2597 1233 2730 1277 non

428 1318 683 1396 potest;
735 1318 951 1375 careat
990 1310 1168 1375 enim
1208 1332 1401 1375 sensu
1438 1331 1700 1375 necesse
1739 1318 1853 1388 est,
1885 1318 2102 1376 careat
2139 1311 2338 1377 etiam
2366 1311 2729 1397 prudentia,
2761 1338 2835 1378 10

429 1421 645 1478 careat
685 1413 1059 1497 voluptat03
1106 1435 1272 1498 quae
1318 1412 1536 1477 omnia
1578 1434 1714 1476 una
1756 1434 1902 1477 cum
1947 1412 2213 1477 deorum
2255 1414 2518 1481 notione
2561 1435 2732 1478 com-

325 1524 401 1585 31
427 1515 909 1601 prehendimus,
978 1517 1199 1602 Atque
1231 1516 1429 1581 etiam
1452 1516 1815 1601 Xenophon
1844 1516 2250 1602 paucioribus
2270 1517 2481 1583 verbis
2503 1517 2730 1584 eadem

428 1619 562 1684 fere
608 1627 871 1705 peccat3
929 1619 1084 1683 facit
1135 1618 1309 1683 enim
1358 1618 1429 1682 in
1476 1618 1573 1696 iis,
1619 1640 1786 1703 quae
1831 1640 1874 1682 a
1923 1618 2184 1684 Socrate
2230 1619 2406 1685 dicta
2453 1621 2727 1702 rettulit,

429 1724 762 1790 Socratem
805 1724 1252 1809 disputantem
1293 1722 1566 1787 formam
1611 1721 1719 1787 dei
1761 1722 1982 1806 quaeri
2032 1744 2163 1787 non
2214 1730 2522 1807 oportere,
2570 1745 2728 1789 eun-

429 1825 706 1911 demque
746 1833 815 1890 et
854 1825 1053 1889 solem
1094 1832 1162 1889 et
1201 1824 1493 1888 animum
1534 1822 1731 1888 deum
1761 1823 1989 1902 dicere,
2018 1831 2087 1888 et
2115 1823 2302 1889 modo
2333 1847 2555 1905 unum,
2582 1835 2727 1891 tum
2758 1850 2830 1911 15

428 1939 651 1995 autem
694 1928 912 2015 plures
955 1928 1144 2010 deos;
1187 1949 1353 2013 quae
1383 1936 1536 1992 sunt
1564 1927 1772 1992 isdem
1801 1927 1871 1991 in
1909 1928 2135 1992 erratis
2173 1928 2323 2006 fere,
2343 1928 2589 2013 quibus
2630 1951 2726 2005 ea,

325 2053 402 2113 32
427 2057 593 2121 quae
613 2035 696 2100 de
721 2034 992 2099 Platone
1021 2032 1322 2097 diximus.
1388 2031 1583 2097 XIII.
1628 2033 1850 2117 Atque
1880 2032 2079 2096 etiam
2099 2032 2523 2098 Antisthenes
2551 2033 2623 2098 in
2650 2055 2726 2099 eo

427 2138 611 2218 libro,
644 2137 756 2224 qui
783 2136 1085 2223 physicus
1114 2136 1499 2214 inscribitur,
1528 2136 1866 2222 populares
1897 2135 2049 2200 deos
2077 2135 2334 2214 multos,
2363 2137 2726 2202 naturalem

425 2263 635 2306 unum
677 2261 816 2305 esse
861 2239 1079 2304 dicens
1120 2239 1295 2304 tollit
1338 2238 1473 2303 vim
1512 2246 1582 2303 et
1620 2247 1925 2302 naturam
1961 2238 2245 2305 deorum.
2339 2238 2483 2305 Nec
2517 2243 2725 2308 multo

427 2367 609 2411 secus
665 2342 1080 2430 Speusippus,
1139 2341 1477 2408 Platonem
1535 2340 1928 2408 avunculum
1986 2341 2380 2428 subsequens
2450 2350 2520 2410 et
2590 2344 2737 2415 vim.
2751 2377 2832 2422 20

428 2448 755 2535 quandam
793 2448 1011 2513 dicens
1045 2468 1176 2533 qua
1214 2446 1431 2511 omnia
1469 2454 1794 2532 regantur,
1833 2467 2106 2530 eamque
2141 2444 2507 2525 animalem,
2545 2449 2719 2514 evel-

323 2565 401 2625 33
429 2551 560 2616 lere
590 2573 670 2616 ex
698 2549 932 2615 animis
967 2557 1236 2613 conatur
1271 2548 1706 2633 cognitionem
1741 2547 2025 2613 deorum.
2112 2547 2622 2635 Aristotelesque
2653 2551 2725 2617 in

427 2655 620 2721 tertio
641 2655 723 2719 de
751 2652 1154 2740 philosophia
1174 2651 1337 2717 libro
1367 2654 1578 2717 multa
1599 2652 1825 2717 turbat
1845 2673 1887 2716 a
1906 2652 2213 2737 magistro
2241 2674 2368 2718 non
2398 2652 2720 2740 [Platone]

426 2760 810 2827 dissentiens
831 2782 848 2838 ;
888 2756 1078 2822 modo
1101 2756 1277 2821 enim
1304 2756 1513 2821 menti
1541 2755 1778 2821 tribuit
1800 2777 2059 2822 omnem
2081 2753 2516 2835 divinitatem,
2534 2758 2725 2823 modo

425 2864 743 2930 mundum
772 2864 986 2948 ipsum
1026 2861 1223 2926 deum
1263 2860 1421 2925 dicit
1451 2882 1605 2938 esse,
1634 2858 1826 2925 modo
1853 2859 2052 2923 alium
2082 2858 2405 2945 quendam
2433 2861 2724 2944 praeficit
2751 2889 2824 2950 25

422 2967 664 3034 mundo
708 2966 897 3053 eique
942 2987 1048 3030 eas
1092 2972 1307 3049 partes
1350 2963 1603 3041 tribuit,
1635 2971 1713 3027 ut
1741 2961 2157 3046 replicatione
2185 2962 2468 3047 quadam
2495 2965 2725 3030 mundi

424 3072 675 3130 motum
718 3071 901 3149 regat
939 3070 1136 3147 atque
1174 3069 1452 3138 tueatur,
1484 3069 1630 3125 tum
1660 3060 1820 3125 caeli
1850 3059 2143 3124 ardorem
2172 3059 2370 3124 deum
2399 3061 2558 3128 dicit
2586 3084 2723 3129 esse

423 3190 554 3232 non
592 3167 977 3252 intellegens
1016 3166 1265 3231 caelum
1304 3163 1535 3230 mundi
1568 3186 1707 3229 esse
1735 3172 2005 3249 partem,
2033 3186 2228 3249 quem
2256 3164 2383 3228 alio
2414 3164 2552 3231 loco
2582 3166 2723 3251 ipse

423 3269 775 3356 designarit
814 3268 1027 3334 deum.
1118 3268 1263 3349 Quo
1305 3267 1496 3332 modo
1545 3274 1769 3330 autem
1820 3265 1980 3331 caeli
2025 3265 2285 3329 divinus
2334 3265 2447 3331 ille
2497 3288 2721 3333 sensus

421 3371 492 3435 in
527 3371 855 3437 celeritate
897 3377 1084 3434 tanta
1124 3368 1481 3434 conservari
1523 3371 1786 3453 potest?
1835 3367 1951 3432 ubi
1989 3366 2225 3432 deinde
2266 3366 2364 3431 illi
2403 3376 2504 3434 tot
2543 3369 2629 3448 di,
2661 3370 2714 3434 si
2743 3397 2829 3455 30

424 3495 837 3539 numeramus
895 3473 1095 3537 etiam
1143 3470 1395 3536 caelum
1452 3470 1697 3535 deum?
1787 3469 1955 3535 Cum
2007 3478 2230 3534 autem
2277 3469 2416 3534 sine
2461 3491 2720 3557 corpore

518 3695 549 3744 1
570 3696 687 3758 jam
704 3691 769 3754 X,
795 3706 913 3742 nam
933 3690 1030 3740 ΠΗ
1051 3689 1135 3738 El.
1359 3688 1393 3736 4
1425 3688 1559 3756 idem
1580 3687 2032 3750 ‹tt—repugnantia
2053 3684 2248 3735 follows
2269 3685 2720 3747 comprehendimus

419 3776 479 3827 in
517 3774 591 3825 all
623 3772 715 3823 the
749 3783 848 3820 uss
885 3769 988 3820 and
1025 3768 1138 3820 edd.
1190 3781 1274 3818 see
1312 3767 1513 3817 Oomm.
1708 3767 1741 3814 8
1783 3772 2065 3829 repttqnant
2103 3764 2264 3815 Cobet
2303 3766 2364 3815 V.
2401 3766 2467 3815 L.
2510 3780 2562 3828 p.
2600 3766 2721 3820 460.

507 3859 590 3920 [ut
612 3852 792 3904 Graeci
814 3852 994 3901 dicunt
1017 3850 1294 3913 ἀσώματον]
1315 3850 1400 3900 Or.
1427 3849 1519 3900 Ba.
1657 3850 1690 3901 9
1722 3855 1975 3898 asonaaton
1994 3846 2057 3898 X.
2195 3847 2258 3895 13
2287 3848 2358 3896 iis
2382 3846 2522 3906 Asc„
2548 3849 2626 3897 his
2647 3848 2711 3902 X.

421 3936 484 3986 17
517 3936 736 3984 diximus
769 3931 826 3979 Μ
856 3931 911 3980 οἱ
942 3930 1124 3991 Moser,
1164 3931 1375 3979 dicimus
1405 3928 1456 3977 X
1488 3928 1625 3978 Mus.
1854 3928 1918 3975 23
1950 3942 1985 3975 a
2021 3927 2259 3987 maqistro
2289 3940 2390 3976 non
2421 3927 2719 3978 dissentimus

418 4016 580 4067 Diel’s
601 4016 794 4074 Domo.
816 4025 868 4075 p.
893 4013 1002 4072 539,
1022 4028 1056 4061 a
1070 4014 1308 4074 maistro
1328 4026 1428 4062 nmo
1454 4012 1668 4061 Platone
1689 4011 1988 4061 dissentiens
2009 4007 2187 4058 XBHK
2208 4007 2323 4058 011.
2347 4022 2375 4058 6
2389 4018 2499 4069 04,
2527 4024 2561 4058 a
2582 4025 2715 4074 may.

419 4096 558 4145 Plat.
582 4094 699 4143 diu.
727 4091 821 4141 Uv
843 4090 962 4141 011.
984 4104 1037 4150 u,
1059 4106 1094 4140 a
1128 4105 1259 4153 may.
1282 4106 1371 4140 suo
1406 4091 1547 4140 Plat.
1578 4092 1698 4140 diss.
1731 4089 1881 4152 Rea„
1916 4105 1952 4139 a
1980 4091 2219 4154 magistro
2248 4103 2336 4140 mo
2374 4089 2586 4141 Platone
2614 4105 2720 4143 non
2777 4145 2784 4152 ,

419 4177 710 4227 dissonum
730 4174 817 4227 Or.
840 4173 933 4227 Ba.
967 4172 1083 4226 Βοὴ.
1114 4172 1222 4224 Μιι.
1247 4173 1377 4225 after
1403 4172 1591 4226 Heind-
