3150 4700
524 272 608 335 20
1289 280 1383 329 nn
1412 258 1708 330 'numu
1750 276 2054 330 nnontm.

518 426 788 495 colimus
833 432 1135 493 naturam
1186 426 1613 492 excellentem
1659 434 1857 512 atque
1900 426 2355 513 praestantem.
2441 424 2572 491 Sed
2587 430 2596 436 ’
2613 426 2816 492 elatus

521 528 740 596 studio
778 550 1000 595 vereor
1039 550 1125 594 ne
1166 529 1413 615 longior
1452 528 1702 594 fuerim.
1793 528 1951 593 Erat
1976 535 2197 594 autem
2226 527 2483 594 difficile
2509 549 2649 593 rem
2675 536 2814 592 tan-

520 642 658 698 tam
697 641 960 718 tamque
999 631 1389 718 praeclaram
1427 630 1793 696 incohatam
1821 631 2216 718 relinquere3
2267 652 2661 717 quamquam
2686 652 2812 696 non

522 743 661 801 tam
688 733 939 800 dicendi
967 734 1130 799 ratio
1159 733 1322 798 mihi
1348 733 1646 799 habenda
1671 733 1797 799 fuit
1823 756 2020 820 quam
2047 735 2363 802 audiendi.

413 859 490 918 5¹7
651 839 840 906 XXI.
930 838 1101 905 Tum
1131 837 1328 905 Cotta
1353 837 1639 916 comiter,
1657 848 1735 904 ut
1761 838 2034 905 solebat:
2079 839 2305 924 Atqui,
2335 839 2568 924 inquit,
2588 839 2811 918 Vellei,
2869 855 2904 915 5

522 947 648 1015 nisi
674 936 752 1013 'tu
784 943 1029 1031 aliquid
1058 943 1347 1021 dixisses,
1373 941 1542 1007 nihil
1571 963 1726 1008 sane
1753 962 1836 1009 ex
1870 963 1977 1007 me
2011 943 2276 1029 quidem
2315 943 2537 1009 audire
2573 942 2809 1029 potuis-

519 1070 636 1116 ses.
724 1046 892 1112 Mihi
930 1044 1107 1111 enim
1147 1067 1279 1110 non
1317 1053 1456 1110 tam
1488 1043 1676 1110 facile
1710 1044 1780 1109 in
1824 1053 2115 1111 mentem
2146 1045 2366 1112 venire
2405 1045 2582 1126 solet,
2613 1066 2812 1130 quare¹

520 1168 745 1215 verum
787 1130 876 1213 sit
918 1144 1182 1231 aliquid,
1228 1152 1426 1230 quam
1461 1167 1662 1237 quare
1695 1144 1957 1225 falsum3
1991 1143 2194 1230 idque
2233 1166 2382 1210 cum
2415 1166 2621 1231 saepe,
2649 1154 2808 1222 tum,

517 1269 668 1314 cum
697 1255 767 1313 te
794 1244 1100 1326 audirem,
1130 1247 1327 1333 paulo
1354 1255 1508 1311 ante
1537 1245 1824 1333 contigit.
1914 1246 2125 1334 Roges
2168 1268 2290 1326 me,
2326 1248 2584 1332 qualem
2618 1256 2809 1312 natu-

518 1375 655 1418 ram
714 1351 980 1417 deorum
1037 1371 1178 1416 esse
1238 1349 1487 1427 ducam,
1541 1348 1708 1415 nihil
1764 1350 2029 1415 fortasse
2074 1349 2509 1439 respondeam.
2597 1351 2806 1431 Quae·
2838 1371 2908 1411 10

518 1474 641 1534 ras,
684 1460 998 1540 putemne
1040 1452 1241 1518 talem
1286 1472 1440 1531 esse,
1484 1450 1693 1536 qualis
1733 1450 1924 1517 modo
1963 1472 2007 1515 a
2054 1460 2124 1517 te
2165 1452 2252 1517 sit
2294 1452 2599 1538 exposita,
2643 1452 2809 1517 nihil

518 1556 730 1623 dicam
781 1555 944 1621 mihi
987 1553 1192 1620 videri
1249 1554 1481 1621 minus.
1542 1552 1704 1621 -Sed
1753 1563 1909 1619 ante
1949 1574 2149 1639 qnam
2195 1555 2532 1640 aggrediar
2578 1555 2661 1621 ad
2711 1577 2814 1634 ea‚›

407 1679 486 1740 53
516 1681 682 1745 quae
711 1680 752 1725 a
778 1668 848 1726 te
877 1659 1208 1746 disputata
1234 1644 1418 1738 sunt,
1436 1656 1518 1723 de
1547 1665 1616 1723 te
1644 1657 1783 1744 ipso
1810 1657 2016 1723 dicam
2049 1657 2207 1743 quid
2231 1657 2527 1725 sentiam.
2600 1657 2812 1743 Saepe·

515 1760 690 1827 enim
721 1760 801 1827 de
830 1760 1131 1825 familiari
1159 1759 1270 1825 illo
1298 1768 1415 1825 tuo
1442 1759 1666 1824 videor
1691 1758 1963 1837 audisse,
1982 1780 2131 1824 cum
2158 1766 2227 1825 te
2257 1760 2500 1845 togatis
2510 1760 2805 1825 omnibus

514 1862 655 1930 sine
682 1862 878 1929 dubio
906 1863 1254 1929 anteferret
1283 1869 1352 1928 et
1381 1883 1627 1949 paucos*
1647 1870 1866 1928 tecum
1896 1860 2242 1947 Epicureos
2271 1884 2309 1927 e
2338 1862 2607 1928 Graecia
2632 1883 2800 1927 com·
2836 1894 2859 1933 1
2871 1878 2909 1951 ς

507 1977 781 2056 pararet,
816 1969 943 2049 sed,
973 1969 1145 2055 quod
1174 1968 1258 2035 ab
1287 1989 1363 2034 eo
1397 1977 1466 2034 te
1505 1968 1772 2034 mirifice
1810 1967 1995 2054 diligi
2033 1967 2505 2053 intellegebam,
2532 1966 2802 2034 arbitra-

506 2071 624 2137 bar
649 2071 836 2136 illum
865 2079 1127 2157 propter
1159 2068 1678 2137 benevolentiam
1705 2069 1967 2136 uberius
1995 2070 2062 2134 id
2089 2068 2315 2138 dicere.
2404 2071 2542 2157 Ego
2563 2079 2801 2149 autem,

505 2173 632 2240 etsi
679 2194 901 2238 vereor
957 2172 1220 2238 laudare
1278 2180 1705 2258 praesentem,
1740 2172 1963 2258 judico
2012 2179 2232 2238 tamen
2283 2172 2367 2239 de
2415 2194 2486 2239 re
2535 2174 2802 2249 obscura

506 2283 703 2361 atque
736 2274 980 2340 difficili
1008 2297 1050 2340 a
1076 2282 1144 2340 te
1180 2274 1426 2340 dictum
1460 2296 1601 2340 esse
1637 2273 1931 2354 dilucide,
1962 2295 2173 2360 neque
2206 2275 2549 2341 sententiis
2591 2276 2798 2342 solum

400 2398 479 2458 59
506 2378 773 2463 copiose,
805 2377 918 2444 sed
962 2378 1174 2443 verbis
1216 2378 1416 2443 etiam
1460 2377 1768 2455 ornatius,
1808 2399 2005 2463 quam
2049 2377 2255 2444 solent
2296 2378 2509 2446 vestri.
2597 2380 2797 2445 Zeno·
2829 2401 2912 2442 20¹

505 2499 675 2555 nem,
723 2495 916 2565 quem
964 2478 1153 2545 Philo
1207 2487 1425 2544 noster
1479 2479 1911 2565 coryphaeum
1967 2478 2290 2563 appellare
2340 2478 2798 2563 Epicureorum

507 2580 768 2662 solebat,
814 2602 961 2646 cum
1003 2581 1282 2647 Athenis
1325 2602 1550 2659 essem,
1595 2580 1938 2646 audiebam
1995 2581 2380 2665 frequenter,
2426 2588 2495 2646 et
2535 2580 2810 2666 quidem·

504 2682 644 2770 ipso
692 2689 953 2748 auctore
1002 2682 1291 2763 Philone,
1340 2682 1543 2758 credo,
1591 2690 1671 2748 ut
1720 2682 1969 2748 facilius
2009 2682 2388 2768 judicarem,
2425 2704 2636 2769 quam
2684 2683 2804 2748 illa

502 2782 670 2848 bene
723 2783 1182 2860 refellerentur,
1242 2799 1391 2850 cum
1447 2805 1490 2849 a
1545 2783 1831 2870 principe
1889 2782 2348 2869 Epicureorum
2397 2783 2798 2869 accepissem,

503 2906 700 2971 quem
743 2886 825 2952 ad
868 2887 1133 2953 modum
1178 2887 1557 2953 dicerentur.
1643 2887 1711 2952 Ν
1714 2907 1796 2952 on
1841 2886 2043 2973 igitur
2084 2886 2212 2964 ille,
2243 2895 2320 2952 ut
2347 2884 2654 2973 plerique,
2683 2887 2796 2952 sed
2826 2908 2904 2968 25

505 2986 630 3054 isto
666 2989 876 3070 modo,
906 2997 983 3055 ut
1019 2998 1114 3071 tu,
1158 2990 1479 3070 distincte,
1521 2989 1817 3077 graviter,
1859 2997 2099 3057 ornate.
2186 2988 2316 3056 Sed
2358 2990 2530 3075 quod
2573 2990 2642 3056 in
2685 2991 2800 3082 illo

502 3085 667 3152 mihi
712 3108 836 3152 usu
874 3110 1065 3176 saepe
1109 3088 1307 3167 venit,
1335 3087 1511 3153 idem
1556 3087 1765 3167 modo,
1808 3108 1959 3153 cum
1999 3097 2070 3154 te
2109 3087 2419 3167 audirem,
2449 3088 2795 3167 accidebat,

501 3195 581 3252 ut
614 3188 882 3255 moleste
922 3189 1156 3274 ferrem
1197 3196 1458 3256 tantum
1501 3189 1836 3275 ingenium
1870 3190 2062 3272 (bona
2088 3190 2280 3256 venia
2311 3212 2417 3256 me
2446 3191 2692 3273 audies)
2723 3192 2794 3257 in
2859 3251 2866 3258 ,

394 3306 477 3367 60
505 3299 641 3355 tam
676 3290 868 3370 leves,
894 3313 978 3357 ne
1014 3291 1229 3358 dicam
1270 3292 1342 3358 in
1383 3300 1523 3358 tam
1563 3293 1818 3379 ineptas
1862 3292 2215 3358 sententias
2255 3292 2566 3360 incidisse.
2647 3291 2800 3358 Nec

501 3414 621 3480 ego
671 3416 846 3461 nunc
895 3396 1032 3482 ipse
1080 3396 1325 3483 aliquid
1371 3395 1638 3462 afferam
1680 3395 1931 3462 melius.
2027 3395 2128 3461 Ut
2175 3395 2351 3461 enim
2400 3396 2589 3462 modo
2638 3396 2797 3477 dixi,
2821 3419 2914 3476 30

500 3497 799 3564 omnibus
839 3499 975 3565 fere
1015 3498 1085 3565 in
1127 3500 1337 3578 rebus,
1380 3499 1493 3566 sed
1534 3499 1819 3565 maxime
1860 3498 1932 3563 in
1974 3497 2273 3586 physicis,
2309 3497 2470 3584 quid
2511 3519 2644 3567 non
2683 3497 2792 3574 sit,

501 3598 711 3682 citius,
755 3622 955 3687 quam
999 3601 1156 3687 quid
1205 3601 1313 3682 sit,
1356 3600 1648 3669 dixerim.
1751 3599 1976 3669 XXII.
2041 3599 2254 3686 Reges
2296 3620 2420 3680 me,
2467 3599 2626 3685 quid
2671 3607 2800 3666 aut

594 3803 628 3854 δ
658 3802 900 3877 Befomj
933 3805 999 3857 5⁷
1028 3803 1222 3856 several
1257 3816 1359 3856 uss
1390 3802 1523 3856 have
1553 3804 1710 3856 Liber
1746 3804 2002 3856 Secundus
2037 3805 2239 3869 incipit.
2503 3803 2569 3855 10
2607 3804 2796 3856 ducant

500 3883 748 3945 AB‘Psz,
770 3887 937 3936 dicam
955 3885 1069 3936 13113
1081 3885 1260 3941 flam.
1286 3884 1480 3937 Heind.
1645 3885 1708 3936 14
1735 3887 1796 3936 de
1817 3886 2199 3937 AcPEmm
2220 3886 2333 3938 Oxf.
2359 3887 2414 3952 ψ,
2441 3887 2503 3936 de
2524 3887 2585 3938 L.
2611 3887 2792 3937 Graue

499 3965 641 4018 BEU
661 3968 778 4018 Asc.
791 3967 964 4023 480h.
983 3967 1057 4035 (in
1076 3968 1349 4033 brackets).
1436 3970 1700 4035 familiari
1719 3969 1813 4020 illo
1831 3976 1916 4020 tuo
1932 3974 1969 4021 0
1983 3968 2107 4020 ned.
2121 3967 2366 4023 ÷Heind.
2384 3970 2510 4028 Mu„
2521 3969 2792 4033 familiare
2913 3983 2922 3990 ·

498 4047 592 4096 illo
613 4053 697 4098 tuo
717 4047 975 4098 nomm
996 4048 1082 4098 Or.
1098 4047 1193 4099 Ba.
1216 4047 1355 4107 sch..
1371 4048 1462 4099 illo
1472 4049 1734 4112 familiari
1754 4056 1839 4100 tuo
1859 4048 1922 4108 B,
1933 4050 2065 4112 sam.
2089 4056 2175 4100 tuo
2195 4050 2288 4099 illo
2310 4049 2446 4106 Asc„
2467 4049 2529 4097 de
2549 4048 2790 4110 illofam.

499 4132 584 4177 tuo
613 4125 683 4178 U.
892 4129 955 4180 15
984 4137 1034 4179 et
1055 4130 1170 4180 Asc.
1193 4130 1529 4191 Psn÷,·om.
1552 4129 1728 4180 ABCE
1754 4128 1837 4190 (cf.
1864 4132 1892 4192 g
1916 4128 2045 4191 103).
2255 4129 2316 4180 17
2337 4128 2719 4178 benivolentiam
2738 4125 2794 4176 X

499 4204 635 4255 Mus.
658 4204 767 4257 Mu.
954 4208 1016 4261 19
1037 4210 1235 4273 amicas·
1254 4208 1532 4269 anonas,
1555 4210 1856 4271 emmim
1875 4208 2064 4258 nien
2076 4219 2118 4262 ψ
2131 4206 2251 4259 8011.
2446 4207 2507 4255 21
2531 4208 2792 4269 κορυφαῖον

500 4284 735 4350 Ursinus,
762 4286 1045 4341 Sminson.
1175 4291 1240 4343 27
1260 4290 1516 4342 accidebat
1535 4289 1665 4355 [BP]
1685 4289 1878 4342 several
1893 4289 1951 4339 of
1967 4289 2154 4348 Moser,
2169 4289 2421 4339 acolaco-at
2440 4285 2626 4337 AGEU
2647 4285 2791 4336 Mus.
