3150 4700
1005 276 1133 325 Lm.
1169 277 1196 324 1
1255 274 1397 325 cAP.
1431 275 1672 325 1v—v1
1730 260 1811 347 ἐξ
1838 259 2051 328 7-13
2626 266 2664 327 5

370 417 556 483 micis
610 415 792 483 libris
848 415 1015 481 satis
1062 435 1438 500 responsum
1493 415 1769 485 videtur.
1865 415 1934 483 N
1936 438 2012 485 ec
2064 438 2216 487 vero
2243 417 2668 514 ,desertarum

369 520 867 604 relictarumque
895 538 1109 582 rerum
1138 516 1570 602 patrocinium
1599 517 2035 603 suscepimus3
2078 541 2210 585 non
2247 522 2424 589 enim
2461 523 2670 589 homi..

372 644 535 687 num
582 621 854 686 interitu
903 619 1265 686 sententiae
1316 640 1573 704 quoque
1624 619 1941 699 occidunt,
1981 621 2097 687 sed
2138 621 2350 688 lucem
2392 626 2669 695 auctoris

373 723 637 788 fortasse
665 721 1067 800 desiderant;
1108 728 1187 786 ut
1223 721 1384 786 hmo
1428 722 1500 786 in
1537 721 1945 808 philosophia
1984 724 2150 790 ratio
2192 734 2414 792 contra
2454 729 2672 797 omnia

312 841 346 902 5
375 823 727 889 disserendi
761 822 1137 908 nullamque
1174 843 1312 887 rem
1352 831 1575 908 aperte
1609 821 1947 909 judicandi
1984 825 2267 910 profecta
2307 849 2349 892 a
2392 825 2671 910 Socrate,

372 928 649 1015 repetita
690 927 774 993 ab
812 927 1116 1005 Arcesila,
1143 925 1518 991 confirmata
1558 948 1601 991 a
1643 925 1974 993 Carneade
2015 950 2220 1014 usque
2261 929 2346 996 ad
2385 941 2671 999 nostram

372 1031 582 1115 viguit
626 1036 946 1110 aetatem;
986 1050 1182 1113 quam
1221 1046 1394 1093 nunc
1430 1049 1629 1115 prope
1666 1029 1932 1095 modum
1973 1031 2194 1097 orbam
2237 1053 2375 1098 esse
2417 1033 2489 1099 in
2530 1035 2673 1122 ipsa

358 1132 639 1222 „Graecia
694 1131 1014 1217 intellego,
1103 1128 1290 1211 Quod
1348 1151 1481 1195 non
1536 1129 1928 1197 Academiae
1977 1132 2154 1211 vitio,
2205 1135 2319 1201 sed
2362 1136 2670 1206 tarditate

371 1236 710 1301 hominum
750 1233 1024 1299 arbitror
1064 1231 1421 1317 contigisse.
1512 1229 1692 1297 Nam
1731 1232 1787 1297 si
1815 1233 2101 1320 singulas
2129 1235 2497 1324 disciplinas
2525 1262 2670 1327 per-

273 1357 351 1397 10
373 1339 586 1424 cipere
642 1359 951 1423 magnum
1001 1343 1121 1415 est,
1174 1343 1418 1437 qil-anto
1472 1333 1685 1421 majus
1743 1340 2009 1402 omnes?
2093 1339 2268 1424 quod
2324 1340 2531 1409 facere
2589 1343 2673 1410 iis

372 1461 628 1506 necesse
658 1448 772 1516 est,
801 1438 1036 1524 quibus
1063 1437 1458 1523 propositum
1489 1444 1591 1502 est
1617 1438 1755 1504 veri
1787 1440 2150 1526 reperiendi
2188 1464 2379 1509 causa
2415 1452 2486 1511 et
2521 1467 2673 1512 con-

373 1553 477 1609 tra
503 1566 725 1609 omnes
752 1542 1164 1630 philosophos
1190 1548 1259 1606 et
1286 1562 1403 1629 pro
1433 1540 1734 1608 omnibus
1762 1542 1989 1613 dicere.
2080 1545 2287 1632 Cujus
2314 1548 2409 1613 rei
2447 1557 2668 1621 tantae
2698 1558 2774 1619 12

372 1654 638 1733 tamque
672 1645 948 1711 difficilis
985 1644 1360 1711 facultatem
1404 1653 1818 1711 consecutum
1858 1669 1994 1714 esse
2035 1671 2142 1715 me
2179 1672 2310 1716 non
2347 1652 2670 1738 profiteor,

373 1757 670 1814 secutum
714 1770 852 1814 esse
896 1769 1050 1835 prae
1100 1768 1208 1812 me
1252 1747 1403 1812 fero.
1509 1746 1655 1813 Nec
1703 1756 1924 1814 tamen
1963 1749 2102 1815 fieri
2151 1760 2366 1837 potest
2415 1764 2507 1835 ut,
2556 1758 2672 1842 qui

274 1870 347 1932 15
373 1850 495 1915 hac
543 1850 792 1916 ratione
842 1849 1388 1938 philosophentur,
1437 1848 1488 1914 ii
1532 1850 1700 1915 nihil
1748 1850 2033 1917 habeant
2081 1854 2253 1938 quod
2302 1868 2671 1943 sequantur.

374 1954 643 2020 Dictum
686 1961 787 2019 est
828 1953 1090 2018 omnino
1132 1952 1215 2018 de
1257 1951 1378 2018 hac
1420 1974 1489 2018 re
1531 1953 1660 2019 alio
1701 1953 1839 2021 loco
1888 1954 2283 2040 diligentius,
2335 1961 2466 2037 sed,
2516 1965 2674 2049 quia

372 2056 567 2121 nimis
604 2055 908 2120 indociles
948 2054 1212 2141 quidam
1251 2054 1548 2140 tardique
1586 2062 1758 2134 sunt,
1787 2056 2176 2123 admonendi
2203 2059 2506 2127 videntur
2533 2086 2672 2131 sae·

372 2158 534 2246 pius.
620 2156 774 2223 Non
823 2157 998 2222 enim
1049 2178 1272 2222 sumus
1314 2156 1380 2236 ii,
1422 2157 1660 2243 quibus
1700 2158 1866 2223 nihil
1908 2182 2133 2225 verum
2176 2184 2313 2229 esse
2356 2165 2670 2249 videatur,

372 2262 486 2328 sed
524 2261 592 2341 ii,
627 2261 743 2347 qui
787 2260 1085 2325 omnibus
1127 2259 1295 2325 veris
1335 2259 1496 2324 falsa
1536 2261 1856 2347 quaedam
1884 2262 2189 2349 adjuncta
2217 2288 2354 2332 esse
2383 2268 2673 2339 dicamus

269 2393 350 2433 20
372 2374 557 2431 tanta
585 2363 1028 2443 similitudine,
1055 2370 1134 2427 ut
1160 2362 1232 2427 in
1259 2362 1340 2427 iis
1367 2362 1550 2427 nulla
1577 2362 1733 2428 insit
1773 2372 1948 2430 certa
1974 2364 2313 2451 judicandi
2351 2380 2419 2435 et
2457 2395 2672 2439 assen-

372 2467 578 2533 tiendi
605 2477 776 2533 nota„
863 2465 963 2529 Ex
990 2486 1121 2550 quo
1160 2463 1414 2530 exsistit
1451 2464 1632 2544 illud,
1661 2466 1872 2531 multa
1908 2489 2046 2536 esse
2089 2470 2446 2556 probabilia
2483 2496 2670 2560 quae,
2761 2545 2770 2550 ,

371 2592 764 2656 quamquam
827 2590 960 2633 non
1015 2568 1514 2655 perciperentur,
1572 2575 1815 2648 tamen,
1871 2570 2027 2655 quia
2083 2572 2296 2638 visum
2347 2578 2670 2661 quendam

372 2672 685 2738 haberent
713 2672 1032 2758 insignem
1062 2679 1130 2737 et
1157 2671 1495 2749 illustrem,
1523 2671 1605 2736 iis
1635 2672 1944 2758 sapientis
1972 2674 2109 2739 vita
2138 2683 2500 2772 regeretur.'

501 2777 617 2843 VI.
691 2776 821 2842 Sed
854 2775 1015 2862 jam,
1045 2783 1121 2841 ut
1150 2776 1327 2840 omni
1355 2797 1461 2841 me
1490 2775 1737 2841 invidia
1762 2776 2048 2857 liberem,
2077 2800 2311 2864 ponam
2349 2782 2418 2846 in
2457 2784 2678 2851 medio
2697 2800 2775 2861 13

272 2906 305 2945 2
313 2901 347 2963 5
373 2877 725 2943 sententias
754 2876 1273 2964 philosophorum
1304 2876 1387 2942 de
1415 2883 1651 2942 natura
1678 2878 1959 2944 deorum.
2047 2880 2192 2961 Quo
2227 2881 2492 2966 quidem
2532 2886 2672 2951 loc'o

374 2979 761 3045 convocandi
804 3000 1026 3044 omnes
1053 2979 1373 3058 videntur,
1402 2980 1535 3064 qui,
1562 3003 1730 3066 quae
1769 2982 1859 3046 sit
1896 3004 2118 3047 earum
2156 3005 2323 3063 vera,
2354 2975 2670 3071 judicent.

372 3083 543 3149 Tum
573 3085 836 3148 demum
865 3081 1031 3147 mihi
1057 3104 1292 3169 procax
1328 3082 1683 3148 Academia
1719 3083 2062 3162 videbitur,
2090 3086 2145 3151 si
2184 3095 2303 3152 aut
2339 3109 2671 3155 consense-

373 3185 509 3252 rint
538 3208 776 3268 omnes,
804 3194 921 3251 aut
950 3185 1077 3250 erit
1109 3184 1413 3250 inventus
1451 3185 1701 3271 aliquis,
1732 3185 1864 3270 qui,
1896 3186 2053 3272 quid
2092 3209 2315 3253 verum
2359 3190 2462 3269 sit,
2493 3191 2670 3257 inve-

374 3290 561 3356 nerit.
650 3289 882 3374 Itaque
909 3287 1075 3353 mihi
1104 3287 1266 3353 libet
1296 3288 1666 3364 exclamare,
1696 3296 1774 3353 ut
1801 3296 1890 3354 est
1918 3288 1990 3352 in
2020 3289 2463 3376 Synephebis:

268 3468 353 3527 30
446 3451 572 3508 Pro
602 3448 811 3518 deum,
845 3446 1273 3519 popularium
1304 3445 1615 3514 omnium,
1651 3446 1891 3501 omnium
1923 3446 2452 3506 adulescentium

446 3538 688 3606 Clamo,
721 3536 1006 3610 postulo,
1041 3534 1328 3605 obsecro,
1362 3549 1488 3601 oro,
1523 3533 1710 3605 ploro
1742 3536 1945 3603 atque
1977 3533 2260 3605 imploro
2293 3534 2515 3607 fidem,

474 3712 539 3762 12
571 3707 949 3774 [philosophos]
970 3707 1065 3757 Ba.
1088 3705 1222 3756 after
1242 3704 1400 3755 Bake.
1550 3705 1613 3753 21
1648 3703 1751 3767 [Ex
1774 3704 2284 3768 quo—regeretur]
2306 3704 2393 3758 Or.
2417 3705 2511 3757 Ba.
2534 3707 2667 3760 aster

374 3789 568 3846 Heind.
730 3789 903 3839 matie
923 3786 1265 3845 ACEBcu÷‚
1290 3786 1461 3835 existit
1488 3792 1537 3835 et
1563 3784 1824 3844 BUTm,
1847 3785 2042 3835 exstitit
2070 3788 2158 3834 n
2179 3784 2266 3835 Or.
2289 3784 2383 3837 Ba.
2412 3785 2531 3838 Βοὴ.
2555 3789 2666 3842 Mu.

376 3873 512 3924 artm-
532 3868 722 3921 Heind.
900 3870 963 3918 23
995 3869 1064 3917 iis
1088 3866 1175 3916 Or.
1199 3867 1290 3918 Ba.
1321 3865 1439 3916 Sch.
1465 3864 1587 3927 Mu„
1617 3867 1695 3915 his
1718 3878 1832 3916 uss.
2006 3865 2071 3914 29
2102 3871 2160 3914 ut
2181 3872 2254 3914 est
2276 3867 2335 3916 in
2355 3867 2663 3932 Synephebis

377 3950 510 4011 Mu„
534 3956 594 3998 ut
620 3950 681 3998 in
700 3946 1005 4011 Synephebis
1033 3950 1106 3993 est
1135 3942 1275 4004 Sch„
1300 3951 1358 3992 ut
1388 3944 1478 3992 ille
1509 3944 1568 3992 in
1599 3943 1907 4007 Synephebis
1943 3940 2027 3991 Or.
2056 3941 2149 3992 Ba.
2173 3941 2305 3992 after
2331 3942 2570 4007 Ursinus,
2605 3954 2666 3998 ut

377 4033 440 4081 in
467 4028 716 4095 cynefebiae
748 4026 808 4088 A,
840 4021 1173 4087 utf..inesebi⁸
1202 4022 1262 4082 B,
1288 4029 1346 4072 ut
1376 4024 1540 4072 imina
1561 4023 1698 4085 sebit
1729 4019 1785 4083 Ο,
1820 4028 1880 4070 ut
1913 4021 2169 4070 Terentius
2202 4022 2260 4070 in
2288 4022 2488 4086 ephebis
2520 4023 2585 4084 Ε,
2606 4033 2668 4076 αι

378 4114 594 4168 Plautus
615 4111 673 4159 in
690 4109 981 4174 tymphebb
1003 4104 1109 4163 ΟΠ,
1130 4111 1189 4154 ut
1210 4106 1410 4154 Statius
1431 4106 1488 4158 in
1509 4104 1813 4170 Synephebis
1837 4100 1992 4152 Mars.
2015 4100 2316 4154 Lambinus.
2469 4103 2537 4160 80
2565 4120 2663 4157 on·

376 4197 520 4246 natm
538 4193 757 4247 cundum
776 4187 1063 4252 Manutius,
1083 4188 1302 4240 omnium
1321 4199 1439 4238 uss.
