3150 4700
472 224 556 289 24
1232 231 1327 280 DE
1369 230 1654 282 NATURA
1696 228 1999 282 DEORUM,

471 381 699 448 dicatis
725 388 809 447 et¹
823 378 1106 465 effugere
1139 378 1696 464 reprehensionem
1730 377 1965 457 velitis,
1994 377 2277 444 afferatis
2305 375 2567 463 aliquid,
2597 380 2765 464 quod

473 476 736 553 om'nino
768 507 853 551 ne
892 483 1034 550 fieri
1074 481 1336 569 quidem
1369 481 1612 568 possit;
1646 489 1725 548 ut
1758 482 1963 547 satius
2001 481 2201 547 fuerit
2238 479 2400 545 illud
2429 481 2660 567 ipsum,
2689 481 2769 548 de

472 611 602 676 quo
646 586 1114 675 ambigebatur,
1159 584 1523 664 concedere,
1573 606 1770 670 quem
1812 591 1951 649 tam
2000 583 2413 669 impudenter
2459 583 2769 652 resistere.

471 690 677 758 Velut
705 691 1019 778 Epicurus
1047 710 1196 754 cum
1226 686 1485 766 videret,
1517 686 1572 752 si
1601 685 1803 752 atomi
1831 687 2151 753 ferrentur
2176 685 2245 751 in
2273 686 2488 751 locum
2515 686 2773 751 inferio-

470 818 611 863 rem
649 803 877 880 suopte
913 791 1208 880 pondere,
1249 790 1415 856 nihil
1451 791 1587 856 fore
1625 790 1697 855 in
1739 796 1962 856 nostra
2002 796 2341 877 potestate,
2382 788 2556 875 quod
2603 798 2771 855 esset
2825 812 2874 874 ,5

473 920 697 966 earum
723 903 941 962 motus
962 903 1181 961 certus
1206 901 1276 960 et
1301 892 1715 973 necessariae,
1742 891 2007 972 invenit,
2036 913 2166 978 quo
2203 891 2392 957 modo
2429 891 2769 957 necessita-

472 1010 610 1067 tem
636 999 972 1084 effugeret,
1002 995 1174 1082 quod
1200 995 1499 1061 videlicet
1524 994 1970 1062 Democritum
2003 995 2255 1081 fugerat
2262 1017 2282 1076 3
2327 994 2423 1060 ait
2459 1002 2767 1072 atomum,

473 1126 623 1169 cum
649 1100 931 1189 pondere
958 1107 1030 1165 et
1055 1098 1372 1186 gravitate
1399 1098 1655 1165 derecto
1682 1097 1942 1164 deorsus
1978 1098 2238 1178 feratur,
2266 1098 2583 1164 declinare
2609 1119 2770 1183 pau-

371 1222 447 1282 ·70
474 1207 698 1272 lulum.
784 1203 931 1269 Hoc
957 1201 1166 1267 dicere
1194 1200 1448 1288 turpius
1475 1208 1578 1266 est
1603 1222 1800 1286 quam
1828 1200 2012 1282 illud,
2042 1201 2214 1287 quod
2241 1202 2401 1283 vult,
2427 1225 2558 1268 non
2583 1224 2769 1289 posse

470 1307 829 1376 defendere.
914 1304 1104 1371 Idem
1136 1303 1293 1370 facit
1329 1311 1552 1371 contra
1588 1305 1949 1373 dialecticos
1956 1328 1975 1386 3
2019 1327 2062 1371 a
2102 1305 2338 1391 quibus
2380 1329 2528 1371 cum
2569 1306 2767 1371 tradi-
2799 1329 2876 1369 ιο

470 1420 617 1477 tum
644 1409 730 1476 sit
757 1409 826 1473 in
856 1407 1153 1473 omnibus
1190 1405 1745 1493 disjunctionibus,
1773 1408 1850 1472 in
1883 1408 2120 1495 quibus
2163 1416 2319 1474 ‘aut
2363 1410 2592 1475 etiam
2634 1418 2768 1475 aut
2871 1481 2879 1488 ,

470 1512 641 1582 non’
685 1520 1049 1600 poneretur,
1092 1512 1369 1578 alterum
1419 1521 1642 1577 utrum
1689 1533 1826 1578 esse
1875 1533 2121 1592 verum,
2163 1513 2517 1599 pertimuit,
2561 1534 2663 1591 ne,
2709 1513 2766 1577 si

470 1636 838 1682 concessum
866 1620 1035 1680 esset
1060 1613 1258 1701 hujus
1284 1613 1461 1679 modi
1487 1613 1752 1701 aliquid,
1781 1614 1964 1679 ‘Aut
1998 1614 2211 1680 vivet
2242 1635 2402 1680 cras
2445 1620 2578 1680 aut
2618 1635 2766 1680 non

470 1718 679 1785 vivet
734 1714 1146 1803 Epicurus',
1201 1715 1589 1781 alterutrum
1638 1715 1823 1781 fieret
1872 1716 2327 1782 necessarium:
2383 1724 2595 1782 totum
2645 1715 2767 1783 hoc

471 1828 626 1888 ‘aut
654 1821 883 1888 etiam
910 1828 1042 1886 aut
1070 1819 1241 1885 non’
1278 1818 1542 1906 negavit
1587 1841 1727 1885 esse
1768 1818 2223 1900 necessarium3
2268 1840 2395 1906 quo
2436 1819 2764 1905 quid.dici
2796 1844 2869 1906 15

470 1925 684 2012 potuit
732 1924 1062 1992 obtusius?
1148 1923 1445 2011 Urgebat
1487 1923 1807 1989 Arcesilas
1852 1923 2196 2002 Zenonem,
2231 1945 2383 1989 cum
2423 1923 2561 2009 ipse
2604 1923 2766 1988 falsa

468 2029 688 2095 omnia
714 2028 971 2108 diceret,
1001 2048 1168 2112 quae
1196 2027 1491 2092 sensibus
1522 2027 1916 2105 viderentur,
1944 2027 2119 2091 Zeno
2157 2034 2377 2092 autem
2414 2047 2546 2092 non
2582 2026 2766 2092 nulla

467 2131 606 2196 visa
631 2151 768 2195 esse
797 2130 972 2208 falsa,
1001 2151 1131 2195 non
1158 2131 1400 2211 omnia3
1444 2129 1670 2195 timuit
1706 2128 2038 2215 Epicurus,
2081 2153 2184 2210 ne,
2220 2132 2276 2197 si
2312 2154 2519 2197 unum
2549 2132 2764 2197 visum

467 2240 637 2297 esset
670 2232 922 2311 falsum,
963 2232 1218 2298 nullum
1260 2241 1432 2299 esset
1476 2255 1731 2298 verum:
1786 2255 2008 2300 omnes
2052 2256 2274 2301 sensus
2317 2237 2456 2302 veri
2501 2237 2765 2303 nuntios

472 2335 642 2402 dixit
669 2358 821 2403 esse.
914 2335 1100 2401 Nihil
1127 2335 1358 2403 horum
1385 2336 1581 2403 nimis
1609 2336 1836 2403 callide
1847 2364 1864 2419 ;
1903 2338 2258 2425 graviorem
2293 2340 2472 2406 enim
2506 2342 2762 2429 plagam
2793 2372 2872 2413 20

369 2458 445 2519 '71
473 2441 839 2525 accipiebat,
860 2448 938 2506 ut
964 2441 1267 2507 leviorem
1294 2442 1649 2528 repelleret.
1714 2442 1901 2508 Idem
1930 2444 2083 2510 facit
2109 2444 2176 2509 in
2208 2455 2441 2512 natura
2467 2448 2758 2529 deorum3

471 2545 629 2610 dum
679 2544 1158 2612 individuorum
1207 2566 1540 2631 corporum
1582 2546 2051 2612 concretionem
2100 2547 2286 2634 fugit,
2329 2567 2415 2614 ne
2460 2548 2761 2615 interitus
2819 2609 2827 2614 .

432 2723 443 2730 ,
471 2655 541 2713 et
581 2648 908 2734 dissipatio
942 2658 1384 2735 consequatur,
1429 2660 1627 2736 negat
1668 2671 1804 2715 esse
1850 2672 2075 2737 corpus
2117 2652 2400 2732 deorum,
2432 2653 2545 2720 sed
2593 2662 2760 2719 tam-

470 2774 667 2837 quam
692 2774 935 2837 corpus,
961 2773 1082 2817 nec
1109 2753 1504 2839 sanguinem,
1532 2754 1647 2819 sed
1673 2762 2006 2840 tamquam
2028 2756 2423 2842 sanguinem.
2450 2723 2512 2790 “s
2513 2757 2760 2825 XXVI.

472 2851 768 2918 Mirabile
819 2853 1091 2932 videtur,
1146 2855 1317 2940 quod
1366 2878 1496 2920 non
1537 2856 1744 2921 rideat
1785 2855 2123 2941 haruSPeX,
2167 2879 2316 2922 cum
2359 2859 2757 2946 haruspicem
2788 2889 2819 2928 2
2827 2879 2871 2948 ς

469 2954 728 3036 viderit3
768 2955 890 3021 hoc
917 2956 1288 3035 mirabilius,
1317 2957 1489 3042 quod
1516 2978 1629 3023 vos
1655 2957 1826 3024 inter
1852 2980 1964 3052 vos
1990 2959 2189 3024 risum
2227 2969 2448 3026 tenere
2484 2961 2754 3047 possitis.

469 3059 647 3125 ‘Non
690 3067 793 3126 est
842 3082 1085 3146 corpuS,
1135 3061 1248 3127 sed
1295 3061 1479 3148 quasi
1536 3063 1802 3148 corpus’.
1894 3063 2038 3129 Hoc
2080 3064 2522 3152 intellegerem
2568 3064 2759 3151 quale

467 3169 651 3239 esset,
680 3161 737 3228 si
776 3161 849 3227 in
891 3163 1050 3228 ceris
1092 3163 1407 3230 diceretur
1446 3171 1562 3229 aut
1604 3163 1910 3230 fictilibus
1951 3164 2172 3251 figuris
2179 3190 2198 3247 3
2242 3166 2314 3231 in
2342 3166 2461 3232 deo
2489 3166 2645 3253 quid
2673 3166 2760 3232 sit

465 3264 672 3348 ‘quasi
696 3265 947 3351 corpus’
976 3273 1094 3330 aut
1121 3266 1330 3351 ‘quasi
1356 3266 1657 3352 sanguis’,
1687 3266 2060 3353 intellegere
2087 3289 2217 3333 non
2244 3290 2501 3354 possum
2510 3294 2529 3350 ;
2566 3291 2653 3335 ne
2679 3276 2757 3334 tu

560 3436 595 3484 8
626 3435 817 3485 derecto
837 3434 947 3485 Mu.
975 3435 1123 3496 (Δᾱπι.
1154 3434 1279 3497 Gn),
1306 3436 1494 3486 directo
1516 3448 1618 3485 uss
1640 3434 1896 3498 generally
1917 3435 2005 3487 Or.
2028 3436 2123 3488 Ba.
2152 3436 2272 3488 Sch-
2553 3439 2757 3489 deorsus

466 3514 662 3576 ABEP,
684 3517 905 3567 deorsum
925 3516 1017 3567 GU
1037 3517 1175 3569 Mus.
1424 3518 1485 3566 11
1518 3518 1935 3580 dimmtimabm
1956 3518 2055 3568 ΕΠ
2076 3519 2190 3569 Asc.
2214 3523 2334 3579 ΟΠ,
2358 3521 2757 3584 defunctionibus

467 3612 527 3649 or
556 3599 949 3648 devinctionibus
982 3610 1083 3648 nes
1111 3596 1385 3661 generally,
1424 3599 1816 3661 dijunctimibm
1847 3597 1965 3649 edd.
2001 3598 2069 3648 cf.
2106 3602 2136 3662 ὃ
2171 3600 2253 3649 41.
2449 3601 2512 3650 12
2542 3602 2758 3652 alterum

464 3686 634 3731 amm
662 3679 807 3738 XBK,
841 3681 1139 3730 alterutrum
1168 3677 1477 3734 aU-s-soh.
1625 3694 1729 3731 me
1757 3694 1929 3731 verum
1958 3679 2167 3737 TUL÷‚
2199 3686 2325 3730 emt
2352 3695 2524 3732 verum
2552 3681 2755 3733 xm.

468 3759 532 3809 14
562 3761 859 3810 mmmm
878 3761 1028 3824 fleret
1049 3758 1184 3819 odd..
1205 3760 1298 3809 alt.
1317 3760 1441 3824 fian·
1461 3772 1574 3812 ιεε.
1772 3759 1841 3810 20
1868 3761 2020 3810 mma
2039 3761 2222 3810 calliae
2242 3759 2408 3820 Auen,
2430 3749 2468 3811 ἡ
2485 3764 2667 3814 caueae
2687 3767 2749 3825 x,

451 3840 571 3890 -nisi
600 3840 782 3891 callide
815 3839 996 3898 GEBG,
1027 3841 1132 3890 nisi
1162 3840 1310 3890 valde
1342 3839 1814 3899 ABPvur-u-,m‘si
1844 3841 2009 3891 calide
2040 3839 2189 3898 Dar„
2209 3842 2315 3890 nisi
2345 3842 2486 3891 caldo
2517 3841 2620 3901 m„
2647 3845 2755 3894 m'ei

464 3922 888 3973 valideKreuzer.
1093 3922 1158 3974 26
1186 3921 1561 3986 quodvoeAso.
1586 3925 1777 3984 om,
1803 3936 1952 3986 qaam
1971 3935 2056 3971 voe
2077 3920 2287 3976 xmu-
2487 3923 2553 3973 28
2582 3926 2755 3976 sines

464 4002 734 4066 generally,
779 4004 827 4052 ni
868 4003 928 4052 id
958 4000 1096 4066 [Oxf.
1128 4002 1186 4065 u]
1218 4007 1262 4054 v
1296 4001 1425 4052 Dav.
1458 4001 1626 4053 Klotz.
1855 4003 1982 4052 ceris
2015 4015 2111 4053 uss
2140 4001 2413 4067 generally,
2445 4005 2598 4056 cereis
2631 4009 2725 4060 (Η-
2738 4042 2755 4057 .

464 4081 713 4130 diceretur
744 4078 848 4130 Ed.
879 4092 964 4130 see
995 4079 1218 4137 comm..
1238 4080 1515 4144 ,timeretur
1542 4091 1646 4130 uss
1675 4076 1782 4130 and
1810 4077 1926 4130 edd.
2183 4080 2247 4132 29
2278 4095 2453 4147 coum
2482 4088 2576 4133 aut
2606 4084 2756 4147 quasi

466 4160 700 4225 OTWBJ,
722 4174 825 4212 om.
847 4160 1244 4213 AGEPemo.
