3150 4700
891 271 2068 359 m.1mr.x11.xx§§49—56.
2547 276 2627 339 19

328 435 444 521 qui
471 435 803 522 gubernet,
828 435 947 522 qui
978 457 1200 502 cursus
1226 442 1563 514 astrorum,
1591 435 1982 501 mutationes
2007 442 2388 521 temporum,
2415 456 2628 500 rerum

198 609 211 622 ,
328 538 795 604 vicissitudines
830 538 1213 622 ordinesque
1251 547 1599 615 conservet,
1629 545 1832 603 terras
1860 546 1930 603 et
1956 536 2162 603 maria
2191 537 2629 622 contemplans

326 639 663 705 hominum
698 638 1031 706 commoda
1055 640 1352 724 vitasque
1388 646 1672 717 tueatur,
1697 659 1781 704 ne
1820 638 1931 705 ille
1971 648 2072 705 est
2098 640 2464 725 implicatus
2491 661 2625 706 mo·

324 741 505 807 lestis
545 741 820 828 negotiis
856 750 927 807 et
965 741 1278 827 operodsl
1369 739 1438 806 N
1441 761 1512 806 os
1549 747 1773 806 autem
1809 740 2067 806 beatam
2094 741 2298 807 vitam
2326 740 2397 806 in
2425 739 2625 807 animi
2652 742 2726 801 53

259 853 296 913 5
325 844 669 911 securitate
704 853 775 911 et
810 845 883 910 in
920 844 1210 911 omnium
1238 842 1568 910 vacatione
1607 864 1952 909 munerum
1986 844 2300 931 ponimus.
2387 842 2625 910 Docuit

325 946 502 1011 enim
538 967 656 1012 nos
691 946 890 1026 idem,
916 945 1031 1031 qui
1068 954 1297 1024 cetera,
1328 954 1563 1012 natura
1601 946 1904 1011 effectum
1932 968 2071 1012 esse
2098 947 2433 1027 mundum,
2461 950 2626 1014 nihil

324 1070 486 1134 opus
532 1049 731 1115 fuisse
778 1049 1033 1127 fabrica,
1076 1059 1342 1135 tamque
1392 1069 1538 1115 eam
1588 1071 1728 1115 rem
1776 1069 1915 1115 esse
1957 1049 2228 1130 facilem,
2270 1074 2466 1138 quam
2512 1074 2624 1118 vos

324 1151 489 1218 effici
518 1151 770 1238 negatis
806 1152 944 1217 sine
978 1149 1199 1216 divina
1223 1171 1406 1236 posse
1434 1150 1733 1229 sollertia,
1760 1158 1839 1216 ut
1864 1150 2364 1217 innumerabiles
2391 1160 2624 1219 natura

325 1255 600 1321 mundos
654 1253 961 1320 effectura
1014 1253 1118 1331 sit,
1166 1252 1419 1332 efficiat,
1466 1253 1767 1320 effecerit.
1856 1253 2044 1334 Quod
2093 1252 2247 1339 quia
2294 1274 2489 1338 quem
2538 1257 2622 1321 ad

224 1374 302 1413 10
326 1356 590 1422 modum
631 1365 865 1422 natura
900 1356 1150 1422 efficere
1193 1356 1332 1421 sine
1370 1355 1592 1443 aliqua
1627 1363 1847 1422 mente
1876 1356 2077 1442 possit
2106 1377 2233 1421 non
2263 1355 2515 1439 videtis,
2543 1367 2621 1423 ut

325 1459 551 1545 tragici
598 1465 843 1544 poetae,
887 1480 1039 1524 cum
1089 1458 1404 1544 explicare
1448 1458 1815 1545 argumenti
1861 1458 2110 1524 exitum
2156 1480 2288 1524 non
2331 1460 2617 1544 potestis,

323 1559 666 1645 confugitis
709 1557 792 1625 ad
839 1558 1071 1639 deum3
1117 1560 1303 1646 cujus
1350 1581 1610 1646 operam
1656 1560 1940 1647 profecto
1983 1580 2112 1624 non
2156 1559 2617 1642 desideraretis,
2646 1565 2722 1626 54

324 1662 381 1728 si
421 1662 803 1728 immensam
845 1669 915 1729 et
954 1662 1443 1728 interminatam
1484 1663 1558 1728 in
1600 1683 1821 1728 omnes
1857 1669 2074 1749 partes
2108 1662 2618 1748 magnitudinem

323 1765 658 1852 regionum
702 1765 1021 1844 videretis,
1064 1766 1138 1832 in
1181 1787 1379 1851 quam
1427 1786 1497 1832 se
1539 1764 1834 1851 injiciens
1874 1766 2126 1832 animus
2166 1774 2237 1831 et
2279 1765 2621 1846 intendens

212 1884 295 1945 15
323 1869 419 1934 ita
458 1870 590 1935 late
632 1866 950 1956 longeque
999 1868 1460 1957 peregrinatur,
1502 1878 1581 1935 ut
1625 1870 1872 1935 nullam
1917 1877 2137 1936 tamen
2179 1891 2356 1936 oram
2399 1869 2618 1936 ultimi

322 1970 555 2049 videat,
582 1970 653 2036 in
681 1992 812 2056 qua
836 1970 1037 2057 possit
1072 1970 1382 2037 insistere.
1468 1969 1552 2036 In
1593 1969 1716 2037 hac
1756 1971 1958 2057 igitur
1996 1971 2432 2038 immensitate
2469 1971 2616 2038 lati-

320 2076 642 2154 tudinum,
669 2073 1164 2160 longitudinum,
1192 2071 1613 2140 altitudinum
1640 2071 1899 2139 infinita
1924 2073 2023 2139 vis
2048 2073 2620 2145 innumerabilium.

322 2177 551 2242 volitat
607 2183 983 2254 atomorum,
1033 2196 1201 2261 quae
1257 2175 1595 2261 interjecto
1651 2175 1831 2240 inani
1889 2175 2342 2241 cohaerescunt
2395 2185 2616 2242 tamen

322 2280 493 2345 inter
535 2301 605 2345 se
648 2288 718 2346 et
766 2279 935 2348 aliae
990 2280 1149 2346 alias
1204 2279 1760 2367 apprehendentes
1817 2274 2306 2362 continuantur3
2360 2303 2444 2346 ex
2487 2302 2617 2367 quo

219 2397 298 2438 20
321 2381 688 2448 efficiuntur
730 2401 847 2447 eae
891 2402 1108 2446 rerum
1152 2379 1393 2447 formae
1439 2389 1509 2446 et
1555 2379 1814 2466 figurae,
1861 2402 2020 2466 quas
2063 2402 2177 2447 vos
2225 2381 2390 2446 effici
2434 2404 2616 2467 posse

319 2480 458 2546 sine
503 2480 762 2547 follibus
807 2489 878 2548 et
922 2480 1264 2547 incudibus
1312 2503 1445 2547 non
1485 2481 1749 2567 putatis.
1840 2481 2072 2567 Itaque
2114 2482 2506 2568 imposuistis
2545 2485 2617 2548 in

320 2582 670 2648 cervicibus
711 2582 946 2662 nostris
987 2582 1452 2668 sempiternum
1495 2583 1846 2663 dominum,
1875 2606 2070 2670 quem
2115 2585 2254 2651 dies
2288 2593 2358 2654 et
2399 2593 2620 2654 noctes

319 2684 709 2753 timeremus.
798 2684 960 2765 Quis
1000 2684 1176 2749 enim
1212 2706 1346 2750 non
1379 2685 1614 2751 timeat
1640 2686 1857 2752 omnia
1882 2686 2327 2772 providentem
2355 2697 2424 2754 et
2451 2689 2619 2775 cogi-

319 2792 572 2851 tantem
610 2793 679 2851 et
706 2786 1330 2852 animadvertentem
1359 2794 1427 2853 et
1454 2787 1673 2853 omnia
1698 2788 1781 2852 ad
1809 2810 1877 2853 se
1905 2789 2227 2873 pertinere
2255 2799 2616 2875 putantem,

218 2916 251 2954 2
259 2913 292 2973 5
319 2890 639 2955 curiosum
667 2898 737 2956 et
763 2892 1031 2975 plenum
1058 2891 1301 2978 negotii
1330 2891 1564 2957 deum?
1649 2892 1823 2957 Hinc
1850 2894 2030 2957 vobis
2057 2894 2309 2959 exstitit
2335 2895 2615 2980 primum
2640 2904 2714 2965 55

317 2993 431 3057 illa
470 2993 683 3059 fatalis
725 2994 1085 3072 necessitaS,
1113 3016 1310 3080 quam
1353 2992 1758 3088 εἱμαρμένην
1778 2994 2006 3073 dicitis,
2046 3005 2138 3073 ut,
2168 2996 2473 3082 quicquid
2515 3020 2617 3063 ac-

315 3098 506 3175 cidat,
533 3098 600 3163 id
640 3120 721 3165 ex
757 3109 1021 3165 aeterna
1046 3099 1318 3167 veritate
1357 3121 1820 3185 causarumque
1850 3101 2331 3166 continuatione
2358 3101 2617 3166 fluxisse

317 3201 561 3267 dicatis.
649 3202 894 3282 Quanti
950 3209 1173 3267 autem
1228 3202 1388 3268 haec
1443 3202 1848 3288 philosophia
1902 3202 2303 3268 aestimanda
2351 3211 2467 3281 est,
2513 3204 2618 3268 oui

314 3317 650 3392 tamquam
694 3306 978 3383 aniculis,
1020 3313 1091 3371 et
1134 3305 1216 3371 iis
1260 3305 1526 3391 quidem
1570 3306 1860 3384 indoctis,
1911 3308 2045 3372 fato
2094 3306 2231 3371 fieri
2282 3305 2618 3371 videantur

212 3430 294 3488 30
318 3407 580 3472 omnia?
664 3406 975 3492 Sequitur
1015 3406 1295 3489 μαντικὴ
1338 3416 1568 3485 vestra,
1612 3429 1779 3493 quae
1822 3407 2055 3473 Latine
2105 3407 2477 3472 divinatio
2519 3407 2617 3472 di-

317 3511 503 3588 citur,
530 3532 662 3595 qua
703 3519 889 3576 tanta
926 3510 1365 3576 imbueremur
1405 3512 1878 3598 superstitione,
1908 3511 1964 3577 si
2006 3534 2122 3577 vos
2161 3513 2384 3576 audire
2424 3511 2619 3577 velle-

317 3634 481 3690 mus,
529 3620 607 3676 ut
664 3611 1045 3699 haruspices,
1093 3633 1385 3698 augures,
1434 3613 1680 3691 harioli,
1734 3621 1930 3691 vates,
1987 3613 2377 3700 conjectores
2433 3614 2616 3678 nobis

317 3725 534 3781 essent
582 3705 847 3782 colendi.
936 3715 1065 3781 His
1108 3716 1454 3782 terroribus
1497 3716 1583 3782 ab
1630 3717 1908 3802 Epicuro
1952 3717 2146 3782 soluti
2197 3724 2267 3781 et
2308 3716 2380 3780 in
2424 3716 2613 3782 liber-
2641 3722 2715 3781 66

315 3828 525 3884 tatem
569 3818 873 3885 vindicati
920 3840 1041 3884 nec
1083 3820 1436 3887 metuimus
1476 3842 1602 3898 eoa,
1649 3842 1809 3906 quos
1849 3822 2285 3906 intellegimus
2334 3843 2451 3887 nec
2492 3823 2614 3887 sibi

211 3947 250 4003 3
257 3944 289 4006 5
317 3920 561 4008 fingere
603 3922 803 3986 ullam
846 3921 1206 3987 molestiam
1251 3943 1370 3987 nec
1411 3922 1599 3988 alteri
1643 3945 1963 4008 quaerere,
2008 3931 2077 3988 et
2118 3923 2226 4009 pie
2270 3932 2615 4010 sancteque

416 4053 449 4104 ‘1
472 4053 683 4114 facilem
714 4051 864 4115 [30],
886 4052 1051 4115 facile
1083 4051 1237 4102 AEP.
1430 4055 1463 4103 8
1493 4055 1691 4115 negatis
1722 4054 1806 4103 El.
1836 4054 1951 4114 GU,
1984 4055 2172 4117 ’tepetis
2207 4067 2305 4104 uss
2336 4055 2608 4119 generally.

318 4129 386 4180 15
414 4132 587 4180 ultim
620 4144 737 4190 uss,
768 4133 999 4181 ultimam
1030 4135 1069 4181 0
1103 4131 1233 4181 Dav.
1269 4130 1458 4183 Heind.
1495 4132 1589 4182 Ba.
1785 4132 1852 4183 26
1885 4135 2168 4196 εἱμαρμένην
2202 4132 2334 4192 edd„
2366 4135 2423 4183 in
2456 4133 2615 4183 Latin

316 4209 634 4262 letters-uss.
819 4213 887 4262 30
914 4211 1123 4274 μαντική
1144 4211 1275 4273 edd„
1302 4211 1359 4262 in
1380 4213 1537 4264 Latin
1558 4212 1737 4266 letters
1760 4212 1937 4265 ABGE.
1961 4213 2095 4265 Mus.
2120 4214 2235 4264 Asc.
2425 4215 2489 4262 34
2521 4228 2616 4262 me·

317 4295 506 4344 mmm
527 4294 793 4356 B’Um,
814 4301 1078 4346 memma
1099 4293 1437 4348 AB¹OEPBK

2278 4380 2445 4439 2--2
