3150 4700
450 44 492 108 2
1211 61 1306 110 nn
1348 60 1634 111 NATURA
1676 42 1981 112 DEORUM.

447 200 824 286 quaestione
850 200 1160 288 plerique,
1191 201 1365 288 quod
1394 202 1684 267 maxime
1710 202 1848 267 veri
1877 201 2089 268 simile
2117 209 2234 281 est,
2268 210 2337 267 et
2364 223 2494 290 quo
2522 223 2743 269 omnes

447 301 610 368 duce
632 310 868 368 natura
889 303 1227 381 trahimur,
1243 303 1397 368 deos
1419 324 1555 368 esse
1579 302 1901 383 dixerunt,
1923 303 2222 369 dubitare
2250 326 2318 369 se
2347 304 2742 389 Protagorae,

446 405 655 469 nullos
698 426 835 471 esse
877 404 1140 470 omnino
1183 405 1496 491 Diagoras
1538 405 1776 471 Melius
1822 413 1892 471 et
1939 406 2310 472 Theodorus
2353 405 2744 493 Cyrenaicus

447 514 858 592 putaverunt.
948 505 1078 587 Qui
1106 527 1258 572 vero
1288 507 1439 572 deos
1474 528 1612 573 esse
1653 507 1976 587 dixerunt,
2013 516 2200 574 tanta
2238 515 2391 573 sunt
2429 508 2498 571 in
2541 506 2744 571 varie-

447 618 586 675 tate
625 616 694 675 et
731 609 1139 687 dissensione,
1169 617 1248 674 ut
1286 631 1507 675 eorum
1537 609 1882 676 molestum
1918 609 2004 674 sit
2042 610 2448 684 dinumerare
2487 617 2743 673 senten·
2808 627 2842 688 5

447 711 594 776 tias.
682 710 857 775 Nam
895 719 965 777 et
1007 711 1087 777 de
1126 711 1349 797 figuris
1386 712 1656 778 deorum
1694 720 1762 778 et
1802 712 1884 787 de
1928 711 2080 777 locis
2126 722 2324 798 atque
2370 711 2630 776 sedibus
2674 719 2743 775 et

445 814 697 880 actione
725 816 901 880 vitae
939 815 1150 879 multa
1186 814 1507 892 dicuntur,
1540 816 1750 902 deque
1788 815 1891 881 his
1927 804 2183 880 summa
2219 815 2743 900 philosophorum

447 915 837 982 dissensione
880 924 1164 981 certatur
1179 940 1197 997 ;
1243 917 1415 1003 quod
1460 939 1610 982 vero
1652 917 1934 982 maxime
1978 938 2115 981 rem
2161 938 2548 1004 causamque
2592 937 2743 981 con-

445 1021 634 1104 tinet,
687 1028 909 1085 utrum
958 1019 1124 1084 nihil
1174 1030 1388 1106 agant,
1432 1021 1598 1085 nihil
1649 1021 2016 1099 moliantur,
2066 1021 2242 1085 omni
2294 1021 2623 1085 curatione
2674 1030 2744 1086 et

361 1113 368 1120 ’
445 1122 1003 1189 administratione
1046 1145 1262 1190 rerum
1300 1133 1547 1203 vacent,
1588 1146 1673 1189 an
1718 1132 1941 1188 contra
1984 1123 2069 1187 ab
2110 1122 2192 1188 iis
2234 1129 2302 1187 et
2344 1142 2386 1187 a
2425 1121 2741 1208 principio
2772 1147 2845 1186 10

445 1229 664 1301 omnia
703 1232 875 1294 facta
913 1237 982 1294 et
1023 1228 1377 1294 constituta
1414 1228 1544 1293 sint
1572 1236 1642 1294 et
1671 1227 1752 1292 ad
1783 1228 2113 1291 infinitum
2143 1234 2398 1311 tempus
2435 1235 2743 1311 regantur

445 1341 644 1419 atque
690 1340 1089 1408 moveantur,
1120 1332 1189 1396 in
1229 1331 1455 1416 primis
1491 1350 1730 1416 magna
1756 1329 2062 1394 dissensio
2092 1337 2206 1407 est,
2235 1349 2441 1414 eaque
2481 1327 2608 1393 nisi
2642 1327 2741 1392 di-

436 1433 785 1520 judicatur,
815 1433 886 1498 in
914 1455 1166 1499 summo
1197 1454 1404 1497 errore
1435 1452 1690 1496 necesse
1720 1440 1819 1495 est
1848 1429 2140 1494 homines
2182 1437 2378 1513 atque
2420 1428 2494 1494 in
2534 1429 2740 1494 maxi·-

389 1542 427 1602 3
448 1559 701 1603 marum
743 1554 958 1602 rerum
1001 1536 1400 1622 ignoratione
1439 1534 1692 1600 versari.
1781 1534 1874 1600 ΙΙ.
1948 1534 2120 1599 Sunt
2162 1534 2337 1598 enim
2374 1533 2740 1619 philosophi

446 1647 516 1706 et
544 1639 805 1706 fuerunt
840 1639 954 1725 qui
988 1639 1247 1704 omnino
1275 1637 1524 1703 nullam
1554 1637 1791 1702 habere
1819 1644 2154 1701 censerent
2182 1657 2397 1701 rerum
2427 1637 2738 1702 humana-
2772 1661 2840 1721 15

338 1743 343 1749 ’
444 1765 591 1809 rum
628 1740 1141 1829 procurationem
1181 1740 1346 1806 deos,
1435 1739 1727 1820 Quorum
1765 1738 1822 1804 si
1862 1760 2012 1803 vera
2050 1738 2374 1803 sententia
2416 1747 2533 1818 est,
2571 1762 2740 1825 quae

441 1852 658 1932 potest
707 1865 842 1910 esse
889 1843 1116 1929 pietas,
1158 1865 1326 1928 quae
1376 1842 1700 1918 sanctitas,
1751 1862 1920 1927 quae
1970 1839 2241 1926 religio?
2336 1841 2518 1907 Haec
2563 1843 2737 1908 enim

442 1949 664 2014 omnia
709 1968 869 2032 pure
920 1957 1118 2032 atque
1169 1954 1342 2012 caste
1391 1944 1740 2011 tribuenda
1795 1944 2061 2009 deorum
2112 1943 2368 2008 numini
2425 1944 2522 2009 ita
2570 1954 2738 2023 sunt,

442 2050 500 2116 si
542 2048 1147 2116 animadvertuntur
1184 2048 1268 2113 ab
1311 2044 1392 2113 iis
1432 2054 1501 2113 et
1536 2047 1593 2111 si
1631 2054 1730 2112 est
1773 2044 2020 2133 aliquid
2059 2066 2101 2109 a
2139 2045 2740 2127 disjmmortalibus

442 2153 780 2219 hominum
822 2151 1044 2238 generi
1085 2151 1423 2217 tributum.
1510 2151 1631 2218 Sin
1674 2158 1897 2216 autem
1941 2149 2011 2215 di
2052 2172 2264 2236 neque
2309 2162 2579 2237 possunt
2621 2175 2738 2218 nos
2766 2182 2842 2221 20

431 2255 665 2344 juvare
703 2278 823 2322 nec
849 2256 1078 2321 volunt
1111 2278 1231 2321 nec
1258 2255 1521 2320 omnino
1551 2262 1782 2321 curant
1810 2277 1930 2319 nec
1958 2253 2117 2341 quid
2146 2277 2414 2340 agamus
2448 2257 2737 2322 animad-

441 2369 713 2428 vertunt
765 2382 885 2427 nec
940 2368 1043 2426 est
1097 2360 1271 2446 quod
1322 2361 1406 2426 ab
1457 2361 1537 2426 iis
1583 2361 1667 2426 ad
1719 2360 2056 2426 hominum
2106 2360 2312 2425 vitam
2361 2384 2736 2447 permanare

440 2463 660 2553 possit,
708 2463 865 2550 quid
915 2470 1016 2529 est
1060 2462 1236 2549 quod
1278 2463 1442 2528 ullos
1496 2463 1598 2528 dis
1648 2463 2120 2528 immortalibus
2167 2463 2398 2542 cultus,
2439 2465 2735 2545 honores,

439 2591 660 2656 preces
700 2568 1169 2635 adhibeamus?
1254 2568 1339 2633 In
1376 2569 1587 2654 specie
1626 2577 1850 2634 autem
1877 2568 2066 2633 fictae
2097 2568 2541 2646 simulationis
2571 2571 2738 2636 sicut
3045 2641 3067 2688 A

441 2672 728 2760 reliquae
769 2671 1060 2749 virtutes,
1090 2672 1253 2737 item
1289 2671 1500 2756 pietas
1538 2671 1746 2737 inesse
1784 2693 1916 2736 non
1944 2679 2177 2757 potest,
2207 2693 2355 2737 cum
2384 2694 2515 2757 qua
2543 2674 2734 2741 simul
2764 2695 2793 2733 2
2804 2693 2835 2754 5

439 2776 850 2842 sanctitatem
880 2781 950 2839 et
978 2773 1357 2859 religionem
1386 2773 1528 2838 tolli
1564 2795 1820 2838 necesse
1860 2782 1975 2851 est,
2006 2773 2245 2859 quibus
2283 2773 2554 2840 sublatis
2592 2799 2735 2861 per·
2839 2803 2852 2814 ·

377 2884 422 2945 4
441 2876 727 2943 turbatio
753 2875 928 2941 vitae
957 2876 1251 2961 sequitur
1287 2883 1357 2941 et
1383 2898 1623 2961 magna
1656 2875 1980 2953 confusi03
2025 2883 2225 2960 atque
2263 2875 2440 2941 haud
2479 2878 2609 2943 scio
2648 2902 2734 2945 an

438 2981 685 3066 pietate
721 2979 1024 3044 adversus
1068 2977 1222 3043 deos
1275 2978 1530 3043 sublata
1573 2977 1735 3043 fides
1780 2977 1981 3043 etiam
2037 2985 2107 3042 et
2163 2979 2433 3045 societas
2481 2983 2736 3067 generis
3058 2991 3060 3034 ⁴

436 3080 706 3147 humani
748 3087 818 3145 et
858 3100 993 3145 una
1033 3078 1570 3145 excellentissima
1611 3079 1835 3159 virtus,
1869 3078 2147 3165 justitia,
2186 3081 2472 3148 tollatur.
2562 3084 2735 3151 Sunt
2797 3069 2810 3080 ⁴
3056 3075 3058 3134 ⁴

435 3193 657 3250 autem
699 3182 813 3248 alii
856 3181 1241 3269 philosophi,
1283 3189 1353 3247 et
1395 3181 1445 3246 ii
1488 3183 1753 3269 quidem
1796 3182 2018 3269 magni
2061 3193 2257 3270 atque
2308 3187 2574 3266 nobiles,
2618 3191 2729 3274 qui
2758 3206 2839 3263 30

435 3287 701 3353 deorum
737 3293 959 3350 mente
997 3292 1194 3370 atque
1232 3284 1481 3351 ratione
1521 3306 1781 3351 omnem
1820 3286 2142 3353 mundum
2184 3287 2621 3357 administrari
2664 3305 2734 3359 et

531 3442 567 3491 2
597 3442 846 3493 trahimur
865 3438 1026 3491 Cobet
1046 3441 1136 3491 Va.
1155 3441 1298 3492 Lect.
1311 3455 1362 3504 p.
1381 3441 1481 3492 460
1502 3445 1626 3505 (tnr-
1648 3442 1753 3493 lost
1773 3442 1906 3494 after
1924 3452 2116 3495 natura
2133 3444 2202 3495 cf.
2231 3446 2322 3511 Qff.
2350 3460 2374 3496 1
2396 3447 2459 3498 18
2482 3451 2738 3514 trahimur
3049 3487 3050 3490 =

433 3529 485 3573 et
506 3522 769 3589 aucium),
788 3523 1017 3573 vohimm·
1042 3523 1159 3574 Asc.
1183 3522 1250 3572 U.
1269 3523 1403 3574 Mus.
1427 3522 1598 3583 Klotz,
1620 3526 1842 3575 venimus
1871 3525 2040 3576 BEoo
2067 3526 2154 3577 Or.
2176 3526 2272 3577 Ba.
2295 3527 2403 3580 Mu.
2433 3529 2573 3590 Sch„
2588 3537 2728 3584 veni·
3048 3513 3051 3542 '

434 3605 562 3653 imm
583 3602 663 3654 0¹.
791 3603 824 3652 8
859 3603 1165 3667 Cyrenaicus
1199 3615 1317 3661 uss,
1342 3605 1629 3669 Cyrenaeus
1652 3605 1715 3655 G.
1741 3604 1837 3656 Ba.
2022 3607 2056 3654 4
2087 3608 2447 3671 [putaverunt]
2479 3609 2573 3661 Ba.
2596 3612 2729 3664 after

433 3681 596 3732 Bake.
723 3681 756 3730 5
778 3682 1091 3732 dinumerare
1107 3681 1336 3742 B²0¹Eo‚
1351 3698 1680 3734 annumerare
1693 3677 1811 3736 Aso'.
1827 3677 2324 3744 ‘Umfinnumerare
2345 3686 2429 3749 Bl,
2444 3703 2729 3744 enumerare

433 3767 473 3813 0
495 3761 663 3812 Klotz.
791 3762 823 3813 7
858 3763 938 3812 his
959 3762 1076 3813 Asc.
1096 3763 1242 3825 GUB,
1269 3766 1317 3814 ίε
1334 3766 1609 3826 (superscr.
1633 3763 1686 3830 h)
1710 3765 1771 3828 A,
1799 3768 1868 3816 iis
1891 3767 2033 3821 Bm—
2047 3766 2133 3817 Or.
2156 3767 2250 3819 Ba.
2276 3768 2394 3828 Βοὴ.
2546 3774 2579 3824 9
2611 3789 2726 3824 con·

433 3845 563 3892 tinet
596 3855 693 3892 uss
726 3842 1000 3905 generally,
1023 3850 1151 3894 cont.
1192 3851 1268 3894 est
1299 3844 1551 3906 ΛΜΗ-ιη
1590 3845 1657 3895 cf.
1692 3846 1784 3897 the
1816 3851 1941 3897 next
1978 3850 2119 3897 note.
2316 3851 2379 3898 12
2411 3852 2469 3900 in
2481 3855 2664 3915 pn‘vm's
2687 3861 2725 3906 ο

432 3923 550 3974 011.
577 3926 617 3987 ψ
637 3922 921 3981 Manutius,
942 3926 1002 3973 in
1024 3926 1299 3988 primisque
1327 3924 1465 3975 OEU
1488 3925 1628 3985 Mus,
1650 3928 1708 3976 in
1736 3930 1918 3992 primis
1949 3944 2078 3991 quae
2100 3929 2205 3979 AB.
2275 3931 2593 3993 diiudicatur
2612 3935 2723 3986 ΑΒι

432 4005 522 4057 ΟΕ
536 4016 606 4066 4,
626 4005 938 4069 dijudicem
955 4006 1137 4068 Bm,
1161 4008 1227 4060 of.
1251 4007 1422 4060 Madv*
1444 4010 1563 4060 Fin.
1587 4023 1630 4059 11
1652 4009 1735 4060 86.
1884 4010 1946 4063 19
1979 4012 2047 4062 iis
2067 4010 2200 4071 edd„
2224 4014 2303 4063 his
2325 4026 2423 4065 uss
2444 4015 2730 4082 generum,
