3150 4700
964 224 1095 273 ms.
1143 224 1170 273 1
1216 223 1363 273 car.
1411 221 1708 271 vr—v111
1751 206 1828 290 ἓξ
1873 209 2148 271 13—19.
2661 205 2703 274 7

405 372 545 431 toto
588 364 1044 451 disjungerent,
1094 373 1165 431 et
1211 362 1693 450 Peripateticos,
1741 365 1857 450 qui
1903 364 2174 431 honesta
2221 364 2706 433 commiscerent

405 492 556 536 cum
600 469 962 547 commodis,
1006 476 1085 535 ut
1122 491 1202 535 ea
1244 468 1416 533 inter
1451 490 1520 534 se
1561 468 2007 555 magnitudine
2053 474 2123 534 et
2166 468 2352 554 quasi
2399 467 2704 554 gradibus

405 594 534 636 non
569 593 803 657 genere
842 571 1199 637 differrent:
1243 569 1404 635 hmo
1444 570 1620 635 enim
1654 579 1754 636 est
1787 593 1915 635 non
1956 570 2295 638 verborum
2328 591 2545 655 parva,
2588 568 2702 635 sed

405 697 618 740 rerum
646 696 993 760 permagna
1021 672 1342 738 dissensiO.
1428 672 1675 737 Verum
1702 671 1822 736 hoc
1850 672 2035 754 alias;
2078 694 2266 749 nunc,
2294 672 2467 758 quod
2494 670 2700 756 coepi·
2728 684 2805 745 1⁴7

344 803 377 865 5
405 801 566 857 mus,
596 779 650 843 si
692 779 963 845 videtur.
1050 775 1219 843 Mihi
1267 796 1435 852 vero,
1480 774 1696 860 inquit
1741 773 1953 853 Cotta,
1995 774 2278 861 videturss
2321 773 2435 840 sed
2465 780 2546 873 (ll—t
2576 772 2704 852 hic,

403 882 519 966 qui
559 880 911 946 intervenit
945 883 1075 964 (me
1117 878 1422 959 intuens),
1460 898 1545 965 139
1581 876 1847 962 ignoret,
1880 898 2048 961 quae
2074 899 2177 942 res
2203 885 2449 963 agatur,
2478 876 2561 943 de
2587 897 2703 942 na-

404 987 551 1045 tura
579 979 925 1067 agebamus
952 979 1236 1056 deorum,
1267 999 1435 1062 quae
1465 999 1613 1043 cum
1645 976 1806 1042 mihi
1839 977 2167 1043 videretur
2203 977 2598 1065 perobscura,
2624 982 2705 1042 ut

405 1068 657 1168 semper
688 1082 892 1148 videri
930 1080 1108 1158 solet,
1145 1079 1408 1167 Epicuri
1454 1101 1538 1146 ex
1585 1078 1834 1147 Velleio
1884 1078 2247 1147 sciscitabar
2294 1077 2702 1149 sententiam.

405 1182 617 1262 Quam
656 1183 739 1248 ob
776 1205 931 1260 rem,
982 1181 1213 1267 inquit,
1264 1180 1492 1259 Vellei,
1538 1180 1665 1245 nisi
1714 1180 2059 1247 molestum
2110 1189 2228 1263 est,
2266 1189 2503 1267 repete,
2531 1170 2700 1267 quae

292 1313 380 1352 ,ιο
406 1307 716 1371 coeperas.
802 1283 1126 1370 Repetam
1184 1306 1353 1364 vero,
1411 1304 1807 1369 quamquam
1852 1304 1982 1348 non
2029 1281 2210 1361 mihi,
2259 1281 2374 1348 sed
2421 1282 2545 1351 tibi
2593 1282 2699 1348 hic

404 1387 582 1452 venit
619 1387 909 1473 adjutor3
954 1387 1145 1452 ambo
1183 1386 1376 1463 enim,
1413 1384 1630 1470 inquit
1677 1383 1976 1461 arridens,
2025 1380 2109 1448 ab
2158 1384 2383 1449 eodem
2428 1384 2697 1451 Philone

403 1488 566 1553 nihil
596 1491 754 1555 scire
794 1488 1122 1556 didicistis.
1210 1486 1384 1552 Tum
1418 1508 1564 1573 ego:
1610 1484 1784 1568 Quid
1833 1485 2256 1565 didicerimus,
2296 1486 2490 1553 Cotta
2522 1486 2697 1552 vide·

403 1593 506 1671 rit,
553 1603 631 1659 tu
674 1603 897 1659 autem
942 1593 1088 1658 nolo
1133 1591 1463 1657 existimes
1511 1612 1619 1655 me
1664 1589 2025 1676 adjutorem
2072 1588 2227 1654 huic
2269 1588 2536 1668 venisse,
2582 1587 2698 1657 sed

403 1697 779 1775 auditorem,
823 1707 893 1763 et
935 1696 1199 1782 quidem
1237 1716 1535 1779 aequum,
1573 1693 1773 1759 libero
1801 1693 2066 1780 judicio,
2107 1694 2290 1760 nulla
2337 1695 2479 1782 ejus
2507 1695 2699 1761 modi

306 1819 374 1879 ¹5
403 1799 780 1865 adstrictum
818 1797 1216 1875 necessitate,
1256 1804 1335 1865 ut
1371 1796 1551 1873 mihi,
1581 1794 1778 1861 velim
1812 1796 2029 1874 nolim,
2057 1795 2145 1862 sit
2171 1804 2347 1863 certa
2378 1797 2698 1882 quaedam

399 1903 643 1967 tuenda
669 1902 1004 1969 sententia.

530 2005 723 2072 VIII.
774 2006 944 2070 Tum
961 2002 1254 2070 Velleius
1277 2003 1548 2069 fidenter
1569 2024 1737 2081 sane,
1759 2010 1837 2067 ut
1858 2002 2064 2067 solent
2091 2002 2213 2080 isti,
2230 2001 2394 2067 nihil
2421 2010 2558 2095 tam
2586 2024 2692 2069 ve·
2722 2015 2800 2076 18

379 2133 561 2187 ·,rens
580 2131 775 2205 quam
804 2132 886 2174 ne
917 2108 1214 2174 dubitare
1237 2107 1456 2192 aliqua
1483 2107 1564 2171 de
1594 2128 1663 2170 re
1692 2106 2032 2183 videretur,
2050 2113 2381 2191 tamquam
2404 2086 2592 2172 modo
2613 2129 2695 2173 ex

398 2212 665 2277 deorum
696 2211 956 2276 concilio
985 2220 1054 2276 et
1082 2233 1165 2276 ex
1194 2208 1457 2296 Epicuri
1487 2208 1939 2277 intermundiis
1968 2207 2411 2287 descendisset,
2435 2208 2695 2287 Audite,
2764 2243 2781 2263 ·

300 2340 377 2380 20
400 2315 630 2401 inquit,
681 2338 810 2381 non
854 2313 1103 2380 futtiles
1155 2311 1758 2396 commenticiasque
1802 2310 2170 2389 sententiaa,
2215 2331 2347 2377 non
2401 2310 2695 2398 opificem

400 2418 996 2501 aedificatoremque
1035 2415 1283 2493 mundi,
1327 2412 1613 2478 Platonis
1657 2412 1737 2476 de
1780 2412 2043 2476 Timaeo
2089 2412 2302 2489 deum,
2340 2435 2459 2480 nec
2496 2436 2691 2479 anum

399 2520 741 2596 fatidicam,
792 2520 1149 2585 Stoicorum
1199 2514 1526 2604 πρόνοιαν,
1572 2536 1770 2632 quam
1820 2514 2055 2581 Latine
2104 2516 2258 2581 licet
2305 2517 2696 2602 providen-

400 2624 585 2686 tiam
642 2622 868 2700 dicere,
914 2642 1125 2705 neque
1171 2641 1321 2685 vero
1370 2618 1688 2682 mundum
1738 2619 1952 2703 ipsum
2009 2618 2224 2684 animo
2279 2626 2351 2684 et
2403 2620 2696 2686 sensibus

399 2723 779 2808 praeditum,
824 2721 1191 2799 rotundum,
1236 2720 1588 2797 ardentem,
1639 2720 1987 2784 volubilem
2033 2720 2245 2798 deum,
2288 2729 2584 2805 portenta
2628 2730 2698 2787 et

296 2851 369 2910 25
400 2827 704 2891 miracula
757 2849 888 2890 non
945 2824 1395 2890 disserentium
1452 2805 1990 2924 philosophorum,
2048 2825 2161 2891 sed
2219 2826 2692 2892 somniantium.

396 2932 649 3013 Quibus
693 2932 866 2996 enim
913 2930 1112 2996 oculis
1156 2928 1397 2994 intueri
1430 2928 1646 3013 potuit
1686 2937 1898 2993 vester
1931 2928 2117 2994 Plato
2161 2928 2467 2994 fabricam
2513 2930 2691 2994 illam
2718 2941 2795 3002 19

397 3034 561 3098 tanti
592 3033 814 3118 operis,
843 3054 975 3118 qua
1002 3029 1281 3096 construi
1315 3052 1357 3095 a
1390 3029 1511 3096 deo
1547 3037 1746 3114 atque
1782 3029 2107 3094 aedificari
2147 3030 2468 3096 mundum
2502 3030 2693 3096 facit?

398 3137 581 3216 Quae
626 3136 891 3212 moliti0‚
934 3155 1100 3219 quae
1138 3133 1541 3210 ferramenta,
1581 3131 1696 3216 qui
1733 3139 1963 3210 vecteS,
2000 3153 2167 3217 quae
2200 3131 2553 3210 machinae,
2579 3134 2694 3218 qui

395 3237 671 3302 ministri
701 3238 867 3303 tanti
896 3234 1182 3302 muneris
1208 3234 1517 3299 fuerunt?
1611 3232 1824 3313 Quem
1854 3232 1937 3297 ad
1964 3233 2230 3298 modum
2257 3242 2479 3298 autem
2505 3233 2695 3300 oboe-

291 3368 371 3425 30
397 3341 535 3406 dire
563 3348 632 3406 et
658 3362 878 3426 parere
918 3337 1240 3403 voluntati
1277 3337 1614 3403 architecti
1653 3343 1779 3415 azir,
1819 3337 2004 3424 ignis,
2042 3359 2227 3423 aqua,
2264 3345 2437 3402 terra
2467 3335 2695 3424 potue-

394 3450 600 3511 runt?
686 3444 880 3510 Unde
914 3464 1065 3508 vero
1105 3450 1280 3506 ortae
1321 3441 1469 3506 illae
1509 3440 1798 3527 quinque
1831 3441 2088 3519 formae,
2118 3463 2155 3506 e
2184 3440 2419 3526 quibus
2446 3441 2696 3528 reliqua

393 3551 762 3628 formantur,
802 3556 955 3633 apte
992 3546 1293 3612 cadentes
1332 3545 1415 3609 ad
1454 3545 1744 3610 animum
1783 3543 2196 3613 afficiendum
2230 3543 2693 3630 pariendosque

393 3654 652 3717 sensus?
736 3650 1031 3736 Longum
1060 3656 1161 3714 est
1186 3647 1270 3713 ad
1293 3647 1524 3726 omnia,
1550 3668 1718 3733 quae
1746 3647 1907 3712 talia
1932 3655 2102 3725 sunt,
2131 3654 2209 3712 ut
2236 3654 2460 3733 optata
2484 3648 2694 3734 magis

494 3828 525 3877 3
559 3823 1153 3884 kaecAsc.U÷,hocX.
1306 3823 1369 3876 19
1401 3818 2693 3882 intermundiisfflmsx4.inummtiiaess¹n,in·

395 3909 676 3957 munau·
696 3907 817 3956 Asc.
946 3907 1275 3957 descendisset
1294 3904 1339 3955 B
1362 3905 1479 3955 Asc.
1502 3908 1692 3966 om
1716 3904 1972 3955 descendis
1991 3904 2079 3954 ted
2098 3904 2265 3962 Am„
2287 3905 2580 3956 damam
2605 3905 2695 3956 ced

394 3987 581 4048 cmm,
608 3986 935 4036 descendisset
954 3988 1039 4036 ced
1060 3985 1192 4040 U4.
1352 3986 1418 4035 22
1450 3987 1679 4050 πρόνοιαν
1697 3983 1832 4042 edd„
1848 3999 2119 4048 promam
2139 3996 2258 4034 uss.
2436 3984 2500 4035 26
2531 3985 2691 4038 oculis

394 4067 512 4115 Aac.
533 4069 578 4114 V
598 4064 687 4115 Or.
712 4064 827 4123 Ba„
854 4066 1013 4116 oeulis
1038 4067 1201 4118 ammi
1230 4079 1330 4117 uss
1362 4064 1502 4127 Βοὴ,
1539 4066 1698 4114 oculis
1727 4064 1935 4127 [afnimi]
1967 4063 2077 4114 Mn.
2270 4063 2335 4113 31
2366 4077 2394 4113 e
2419 4064 2599 4128 qm’tm
2619 4062 2685 4128 X,

392 4145 1075 4211 eaefflwmschssu.
1269 4144 2474 4211 82qfficienduchh.conj.,eſjbieudumm
