3150 4700
880 211 1009 261 ms.
1055 209 1083 258 1
1126 209 1270 259 car.
1317 207 1748 258 xxm—xxv
1791 190 1871 277 ξς
1915 193 2190 258 63-69.
2601 194 2685 258 23

383 354 567 442 quasi
596 355 860 432 adunca,
883 375 967 421 ex
993 352 1098 420 his
1127 352 1431 420 effectum
1453 373 1594 419 esse
1621 351 1874 419 caelum
1899 358 2099 440 atque
2126 358 2365 418 terram
2384 350 2566 418 nulla
2584 374 2685 417 co-

383 468 579 546 gente
608 467 858 539 natura,
878 459 992 525 sed
1019 480 1328 525 concursu
1352 457 1632 544 quodam
1648 457 2185 537 fortuito‚—hanc
2205 466 2282 525 ιιι
2303 457 2688 545 opinionem,

385 562 458 630 C.
486 561 714 640 Vellei,
741 584 949 648 usque
976 561 1060 628 ad
1092 561 1259 629 hanc
1286 569 1570 628 aetatem
1599 560 1975 647 perduxisti,
2003 561 2309 647 priusque
2336 568 2405 626 te
2430 561 2577 647 quis
2604 560 2686 626 de

385 666 562 732 omni
588 667 763 732 vitae
792 671 971 730 statu
999 684 1197 749 quam
1232 663 1314 729 de
1352 662 1482 728 ista
1521 662 1905 729 auctoritate
1945 661 2249 750 dejecerit
2255 686 2275 744 ;
2320 669 2477 729 ante
2510 662 2686 728 enim

322 788 357 849 5
376 767 682 855 judicasti
712 766 1102 852 Epicureum
1130 773 1200 831 te
1228 786 1368 831 esse
1397 773 1709 850 oportere,
1736 785 1933 851 quam
1967 764 2095 831 ista
2120 764 2489 851 cognovisti.
2577 765 2689 831 Ita

388 895 643 941 necesse
690 872 821 938 fuit
868 877 987 937 aut
1041 871 1203 939 haec
1247 870 1497 956 flagitia
1544 869 1877 956 concipere
1927 869 2145 939 animo
2191 876 2311 937 aut
2354 876 2686 956 susceptae

386 976 825 1064 philosophiae
852 996 1087 1042 nomen
1115 974 1429 1041 amittere.
1519 974 1696 1055 Quid
1723 973 1898 1039 enim
1937 995 2199 1054 mereas,
2229 981 2306 1040 ut
2333 973 2685 1060 Epicureus
2709 977 2787 1037 67

386 1101 524 1147 esse
554 1079 841 1145 desinas?
930 1075 1144 1142 ‘Nihil
1172 1076 1477 1162 equidem
1487 1078 1521 1154 ³,
1548 1076 1782 1163 inquis,
1808 1082 1911 1143 ‘ut
1930 1077 2248 1142 rationem
2263 1076 2438 1143 vitae
2458 1076 2688 1144 beatae

386 1183 857 1268 veritatemque
887 1180 1225 1247 deseram’.
1312 1181 1455 1247 Ista
1480 1180 1685 1267 igitur
1721 1188 1824 1248 est
1856 1180 2129 1246 veritas?
2211 1179 2388 1246 Nam
2431 1180 2512 1246 de
2553 1181 2691 1246 vita

288 1308 364 1347 10
388 1286 582 1352 beata
622 1285 787 1350 nihil
827 1306 1136 1371 repugno,
1176 1306 1376 1370 quam
1414 1292 1494 1350 tu
1535 1306 1620 1351 ne
1666 1284 1738 1351 in
1781 1284 1905 1351 deo
1952 1285 2218 1371 quidem
2268 1307 2406 1351 esse
2454 1306 2691 1363 censes,

388 1386 514 1452 nisi
561 1387 754 1472 plane
800 1386 932 1450 otio
989 1385 1312 1472 langueat.
1401 1385 1535 1453 Sed
1591 1384 1709 1451 ubi
1763 1393 1867 1453 est
1919 1385 2190 1452 veritas?
2274 1384 2360 1452 In
2413 1385 2689 1465 mundis,

388 1490 593 1568 credo,
616 1489 1210 1570 innumerabilibus,
1231 1489 1531 1556 omnibus
1555 1489 1845 1555 minimis
1871 1497 2238 1576 temporum
2264 1489 2520 1576 punctis
2546 1489 2691 1555 aliis

387 1593 813 1672 nascentibus,
842 1593 987 1658 aliis
1014 1593 1408 1661 cadentibus.
1492 1593 1603 1659 An
1629 1593 1701 1659 in
1738 1593 2086 1660 individuis
2127 1593 2512 1680 corpusculis
2549 1600 2689 1663 tam

387 1695 711 1780 praeclara
736 1715 931 1780 opera
961 1694 1145 1759 nulla
1179 1694 1553 1761 moderante
1597 1702 1847 1774 natura,
1884 1695 2066 1761 nulla
2101 1696 2350 1762 ratione
2386 1694 2686 1781 fingenti-

290 1813 359 1874 15
388 1798 549 1864 bus?
630 1795 759 1863 Sed
789 1795 1030 1861 oblitus
1058 1796 1463 1862 liberalitatis
1487 1819 1692 1878 meae,
1726 1819 1858 1883 qua
1898 1805 2117 1864 tecum
2157 1798 2351 1885 paulo
2393 1806 2546 1863 ante
2586 1796 2688 1862 uti

389 1921 742 1986 coeperam,
792 1898 981 1984 plura
1029 1898 1434 1984 complector.
1524 1899 1890 1965 Concedam
1946 1900 2147 1986 igitur
2203 1922 2284 1966 ex
2339 1899 2688 1965 individuis

388 2011 678 2068 constare
707 2002 940 2068 omnia.
1032 2002 1206 2084 Quid
1235 2001 1319 2068 ad
1345 2008 1522 2069 rem?
1564 2004 1828 2069 deorum
1858 2004 2033 2069 enim
2071 2012 2303 2071 natura
2341 2003 2684 2091 quaeritur.

389 2102 541 2171 Sint
567 2125 721 2169 sane
750 2124 828 2168 ex
860 2104 1118 2185 atomis;
1164 2126 1293 2170 non
1320 2103 1524 2190 igitur
1550 2106 1814 2173 aeterni.
1902 2107 2091 2189 Quod
2129 2107 2304 2172 enim
2331 2130 2413 2173 ex
2440 2106 2684 2184 atomis,
2710 2109 2790 2169 68

388 2206 455 2271 id
485 2216 714 2272 natum
743 2206 1087 2292 aliquando
1118 2217 1217 2274 est
1224 2232 1245 2290 ;
1288 2209 1343 2273 si
1373 2216 1622 2288 natum,
1651 2209 1816 2275 nulli
1845 2209 1952 2275 dei
1989 2218 2141 2276 ante
2179 2232 2374 2297 quam
2413 2210 2578 2291 nati;
2618 2218 2686 2275 et

286 2330 364 2372 20
388 2311 442 2377 si
470 2320 648 2377 ortus
676 2318 777 2377 est
806 2310 1090 2387 deorum,
1120 2310 1424 2377 interitus
1451 2310 1538 2378 sit
1564 2333 1822 2379 necesse
1851 2320 1969 2393 est,
1995 2322 2075 2379 ut
2101 2322 2176 2380 tu
2205 2313 2397 2401 paulo
2423 2321 2577 2380 ante
2605 2312 2686 2378 de

388 2414 675 2480 Platonis
701 2412 946 2479 mundo
989 2414 1379 2500 disputabas.
1418 2411 1425 2420 ’
1477 2415 1618 2482 Ubi
1661 2415 1862 2503 igitur
1892 2416 2057 2482 illud
2095 2426 2381 2483 vestrum
2420 2417 2686 2483 beatum

390 2525 458 2583 et
505 2526 859 2594 aeternum,
924 2516 1160 2603 quibus
1206 2517 1457 2584 duobus
1501 2519 1715 2585 verbis
1770 2519 2143 2605 significatis
2199 2519 2444 2586 deum?
2516 2518 2689 2605 quod

388 2641 538 2685 cum
581 2619 830 2685 efficere
884 2619 1097 2696 vultis,
1149 2619 1218 2685 in
1259 2620 1535 2710 dume-ta
1582 2622 1934 2707 correpitis.
2021 2622 2130 2688 Ita
2185 2623 2360 2688 enim
2417 2622 2686 2701 dicebas,

387 2743 517 2787 non
571 2743 798 2809 corpus
846 2742 985 2787 esse
1028 2721 1099 2786 in
1132 2721 1271 2800 dec,
1307 2722 1422 2788 sed
1465 2722 1653 2809 quasi
1690 2745 1938 2810 corpus,
1975 2746 2098 2791 nec
2136 2725 2535 2811 sanguinem,
2572 2724 2687 2791 sed
2892 2707 2935 2774 Ὁ
2951 2745 2978 2761 “

287 2841 361 2902 25
389 2836 723 2913 tamquam
751 2827 1150 2913 sanguinem.

516 2932 731 3000 XXV.
811 2932 961 2997 Hoc
984 2952 1289 3019 persaepe
1315 2931 1540 3012 facitis,
1568 2940 1665 3012 ut,
1692 2955 1841 3000 cum
1868 2932 2115 3019 aliquid
2146 2955 2278 2999 non
2311 2933 2448 3000 veri
2476 2932 2687 3000 simile
2711 2932 2791 2993 69

389 3107 463 3170 Μ,
488 3113 699 3158 σιω-ναίω
729 3106 976 3171 quaedam
993 3105 1100 3167 ΒΤ,
1120 3120 1276 3157 ctu-va
1307 3107 1553 3170 quaedam
1571 3110 1637 3166 Β,
1659 3114 1711 3157 et
1735 3108 1997 3171 pyramita
2019 3106 2272 3170 quaedam,
2298 3111 2512 3158 curvata
2536 3120 2687 3170 quae·

388 3191 508 3240 dam
526 3189 642 3239 Aee.
666 3192 791 3247 tet
802 3190 1067 3253 pyramta
1089 3189 1349 3252 quaedam,
1376 3189 1624 3251 quaedam
1643 3195 1868 3249 curvata,
1896 3189 2139 3252 quaedam
2160 3186 2346 3245 Thau..
2369 3193 2420 3236 et
2440 3188 2688 3249 quaedam

382 3273 735 3337 pyra-adata,
762 3276 976 3320 curvata
1004 3269 1253 3332 quaedam
1280 3269 1461 3329 Herm,
1488 3271 1734 3333 quaedam
1760 3277 2051 3335 pyr-amata,
2083 3269 2327 3332 quaedam
2356 3275 2570 3319 curvata
2598 3273 2683 3337 Vl,

389 3355 442 3399 et
466 3355 758 3413 pyramata,
782 3353 997 3398 curvata
1031 3347 1276 3409 quaedam
1308 3346 1410 3409 Ur..
1430 3348 1751 3411 piramidum
1780 3348 2027 3411 quaedam
2058 3351 2110 3408 0,
2137 3353 2411 3411 pyr-amata
2443 3348 2685 3410 quaedam

387 3433 489 3480 81
517 3427 653 3478 Med.
682 3427 740 3477 of
767 3427 898 3478 DaV.
921 3426 1035 3476 ΟΔ.
1058 3431 1116 3491 ψ,
1142 3434 1195 3478 et
1222 3429 1485 3492 pir-amata
1508 3428 1757 3491 quaedam
1785 3427 1921 3478 Gud.
1945 3426 2059 3478 Oxf.
2086 3440 2184 3477 eou
2204 3424 2329 3475 with
2350 3425 2510 3488 slight
2529 3441 2682 3487 verr„

386 3512 728 3573 immo-amata
748 3508 995 3571 quaedam
1012 3508 1158 3570 Reg„
1179 3515 1231 3558 et
1242 3509 1588 3573 pyramidem,
1610 3510 1855 3571 quaedam
1874 3516 2082 3559 amata
2102 3514 2154 3558 et
2173 3508 2417 3571 quaedam
2436 3507 2677 3571 Ursinus,

388 3586 1985 3651 &numaquaedamohaofMosenauarotundamua
2027 3590 2676 3652 aetennpemimhamata,

388 3675 603 3720 cunata
636 3668 884 3730 quaedam
916 3666 1092 3729 Mars„
1115 3669 1231 3718 alia
1260 3669 1593 3731 pyramidem
1628 3675 1680 3719 et
1713 3670 1977 3731 mulam,
2005 3676 2110 3718 nm
2139 3670 2348 3719 rimata
2367 3670 2613 3732 quaedam
2631 3676 2684 3720 et

390 3751 540 3813 quani
562 3750 768 3798 hamata
788 3746 1441 3813 Heind,anoulatasorma
1457 3751 1665 3800 hamta
1680 3750 2107 3813 quaedamMsdv.
2171 3750 2328 3801 From
2349 3751 2455 3802 this
2476 3753 2682 3815 general

389 3829 520 3882 view
540 3829 598 3880 of
614 3829 705 3880 the
725 3828 964 3881 evidence
983 3832 1029 3881 it
1050 3844 1266 3895 appears
1285 3834 1342 3881 to
1362 3845 1449 3881 me
1469 3832 1713 3894 probable
1732 3832 1850 3883 that
1869 3832 1961 3883 the
1981 3833 2192 3896 reading
2213 3834 2272 3884 of
2298 3834 2389 3886 the
2409 3834 2684 3898 archetype

391 3925 498 3961 was
511 3910 774 3973 pir-afflata
793 3917 983 3960 amata.
1152 3912 1215 3960 12
1240 3912 1444 3974 punctio
1466 3911 1555 3975 [B]
1574 3912 1692 3963 Asc.
1715 3912 1782 3974 U,
1808 3915 2000 3963 ctmctie
2020 3913 2369 3965 AOEan.
2542 3916 2606 3965 18
2627 3918 2687 3967 in

382 3993 628 4058 unm,
654 4007 757 4045 om.
783 3992 871 4042 Bo
894 3992 1030 4043 Mus.
1191 3993 1256 4042 18
1287 3994 1420 4056 quod
1440 3996 1572 4043 em'm
1591 3993 1676 4044 m.
1698 3993 1821 4056 Reg-
1840 3995 2008 4057 Uo÷,
2035 3996 2167 4058 quod
2187 4004 2356 4046 autem
2374 3997 2490 4047 Aee.
2517 3996 2685 4047 Than-

392 4075 550 4125 Herv,
574 4073 732 4124 Mars.
764 4077 891 4134 114,
918 4074 1046 4137 quid
1068 4080 1235 4123 autem
1260 4072 1408 4132 Reti„
1431 4076 1554 4137 quia
1585 4076 1719 4124 evum
1747 4073 1993 4136 Xm4,
2021 4077 2145 4138 quia
2165 4077 2298 4125 enim
2315 4077 2449 4140 quod
2468 4080 2519 4138 Β,
2546 4077 2686 4139 quic·

392 4154 520 4218 quid
539 4152 719 4207 Inmb.
853 4153 916 4205 19
947 4154 1225 4218 aliquando
1246 4161 1319 4205 est
1337 4152 1538 4218 Lamb„
1556 4155 1832 4219 aliquando
1846 4156 1919 4207 sit
1939 4168 2052 4216 uss,
2070 4169 2153 4208 see
2168 4154 2340 4209 Madv.
2355 4158 2473 4211 Ru.
2500 4168 2553 4220 p.
2570 4155 2682 4208 448.
