3150 4700
992 262 1408 313 commone
1452 263 1540 311 013·
1587 262 1885 311 Enomsn
1929 261 2071 311 uss,
2587 250 2677 312 '53

368 418 629 472 mmov,
664 402 832 465 ἴήαῖι
864 417 928 472 n,
962 414 1163 462 arideus
1194 416 1249 462 1..
1507 412 1742 475 Pham]
1762 413 1920 475 fitam
1953 416 2051 464 ιιι.
2317 413 2426 476 090]
2477 425 2579 462 om.
2612 416 2676 462 x.

370 498 447 560 tu]
483 504 585 546 tum
615 500 676 546 Κ.
873 495 1009 557 nolo]
1041 497 1154 544 uolo
1187 497 1287 545 ΗΟ.
1464 494 1561 556 me]
1593 508 1668 542 me
1699 508 1802 542 non
1831 497 1895 543 Κ.
2075 492 2374 556 auditorem]
2407 499 2497 543 aut
2531 493 2676 542 adiu·

368 585 522 628 torem
555 582 612 627 Β.
808 577 1041 639 aequum]
1073 580 1137 634 H,
1169 588 1348 638 equum
1378 578 1475 632 m,
1499 575 1693 637 fretum
1722 577 1822 623 ΒΚ.

464 659 609 708 vm.
674 659 951 722 videretur]
981 660 1185 707 uidetur
1216 662 1308 707 m..
1517 657 1751 718 concilio]
1783 670 1915 705 cons.
1948 659 2070 707 mo.
2281 657 2519 720 Epicuri]
2549 656 2674 720 Epi·
2706 655 2782 717 18

365 741 504 789 curci
536 743 599 789 Κ.
807 738 1180 799 intermundiis]
1213 741 1365 794 m,
1398 738 1726 785 internuntiis
1759 740 1943 801 mv„
1983 739 2091 786 text
2120 738 2201 797 7,,
2240 737 2584 787 ίπεεπηηισίω
2615 741 2675 796 7,

365 821 681 870 verenuneiis
715 818 792 877 0¹,
826 822 936 868 iure
967 819 1138 867 modus
1171 822 1228 869 N.
1515 817 1843 866 descendisset
1876 821 2068 875 cm,
2101 817 2407 868 descendens.
2446 818 2546 867 Sed
2575 821 2675 877 ΒΚ,

367 904 659 953 descendens
680 905 729 952 si
751 907 807 960 0,
831 902 1098 952 descendis.
1127 901 1229 951 Sed
1248 904 1411 957 mv,
1435 899 1687 949 descendis
1709 899 1790 965 Vl.
1988 901 2173 962 futiles
2194 902 2676 966 commenticiasque]

365 987 572 1035 inutiles
593 1000 638 1035 c.
670 990 712 1042 1,
738 986 932 1048 fictules
966 999 1005 1035 c.
1036 988 1097 1042 Κ,
1128 985 1487 1034 commentitias
1516 987 1577 1041 Β,
1608 983 1968 1032 commentitias
1985 983 2263 1046 ,futilesque
2282 987 2343 1034 7.
2537 986 2676 1034 aedi-

356 1067 738 1131 ficatoremque]
762 1066 1104 1128 factoremque
1136 1069 1192 1115 0.
1551 1078 1704 1113 anum
1725 1063 2026 1126 fatidicam]
2059 1065 2281 1113 animum
2302 1066 2579 1127 fatidicum
2610 1069 2667 1116 N.

371 1149 619 1211 πρόνοιαν]
644 1163 919 1211 pronaeam
951 1151 1002 1197 Ζ.
1244 1148 1621 1209 somniantium]
1653 1161 1836 1209 sompn.
1876 1150 1965 1196 ΒΟ.
2215 1148 2393 1210 oculis]
2424 1152 2484 1205 7,
2517 1149 2673 1198 oculis
2703 1146 2778 1206 19

366 1231 529 1279 animi
563 1228 635 1278 all
667 1227 842 1278 others
872 1230 1052 1291 except
1083 1229 1241 1278 oculis
1273 1242 1385 1278 cum
1415 1232 1473 1279 Β.
1701 1234 1861 1276 vester
1890 1227 2066 1290 Plato]
2097 1233 2263 1277 noster
2292 1228 2375 1277 Pl.
2406 1232 2533 1286 m,
2565 1233 2675 1280 text

368 1316 448 1378 Vl,
481 1313 565 1362 Pl.
598 1320 761 1362 uester
791 1317 846 1363 0.
1074 1314 1166 1375 qui
1198 1311 1378 1374 vectes]
1410 1324 1540 1374 quae
1567 1316 1730 1359 uectes
1763 1313 1864 1361 nt.
2093 1311 2331 1373 muneris]
2361 1313 2580 1360 muninis
2611 1316 2671 1362 Π.

359 1393 596 1456 suerunt]
616 1394 815 1456 suerint
836 1396 899 1442 Κ.
1063 1394 1111 1455 e]
1133 1395 1354 1450 moa,
1377 1406 1439 1441 ex
1461 1390 1652 1440 others.
1804 1390 2024 1453 reliqua]
2045 1392 2271 1454 reliquae
2292 1395 2438 1448 nv,
2460 1395 2569 1442 text
2588 1397 2665 1459 Vl.

369 1475 705 1537 afficiendum]
738 1473 1043 1536 efficiendum
1074 1477 1127 1522 Ζ.
1403 1474 1497 1535 est]
1529 1474 1629 1521 iter
1660 1469 1824 1522 added
1855 1472 1923 1534 by
1953 1475 2083 1522 mv.
2339 1473 2458 1534 illa]
2489 1475 2579 1523 ille
2610 1479 2671 1524 N.
2700 1484 2778 1544 20

360 1556 644 1617 palmaria]
683 1556 933 1618 palmaris
966 1557 1018 1611 Ζ,
1051 1554 1224 1603 irrisio
1256 1561 1331 1603 est
1363 1551 1491 1602 adds
1522 1557 1573 1604 0.
1905 1552 2263 1616 introduxerit]
2293 1555 2576 1604 introduxit
2610 1560 2670 1607 7.

364 1651 477 1686 cum
509 1638 697 1687 dixerit
715 1637 853 1700 sore]
886 1651 996 1686 cum
1029 1636 1230 1685 duxerit
1250 1636 1367 1699 sore
1389 1639 1451 1693 H,
1485 1649 1597 1684 cum
1617 1636 1807 1685 dixerit
1827 1635 1943 1699 sore
1974 1639 2028 1694 1.,
2055 1651 2164 1685 eum
2192 1637 2326 1685 dixit
2346 1639 2460 1700 sore
2480 1642 2540 1697 Π,
2563 1655 2673 1690 eum

368 1717 506 1766 dixit
537 1722 591 1775 0,
627 1732 738 1766 cum
770 1718 904 1765 dixit
927 1717 1044 1780 sore
1074 1718 1134 1767 7.
1374 1716 1523 1777 hunc]
1555 1730 1674 1764 num
1708 1717 1836 1765 hunc
1869 1719 1929 1766 Π.
2152 1717 2212 1766 id
2244 1724 2316 1766 est
2346 1726 2558 1769 naturae
2589 1736 2670 1769 ra·

371 1798 575 1861 tionem]
609 1811 711 1847 om.
745 1802 799 1848 1..
1072 1797 1363 1859 quiequam]
1395 1798 1479 1844 ΒΚ
1510 1794 1616 1844 and
1647 1794 1821 1845 others
1855 1798 1957 1858 (see
1991 1795 2295 1847 Lachmann
2333 1812 2401 1848 on
2433 1798 2585 1849 Lacr.
2618 1815 2669 1851 v.

369 1879 504 1941 264).
730 1880 1114 1942 coaqmentatio]
1145 1883 1209 1935 Κ,
1242 1892 1422 1928 coacm.
1458 1881 1558 1935 ΒΚ,
1594 1891 1814 1940 coauqm.
1854 1882 2046 1945 mov„
2084 1894 2300 1942 coaqum.
2335 1885 2387 1938 1.,
2421 1896 2669 1945 coarqum.

364 1964 427 2013 u.
662 1963 826 2024 acius]
858 1963 942 2010 cui
975 1965 1051 2011 11..
1281 1961 1510 2023 aliquod]
1543 1962 1744 2023 aliquid
1774 1964 1835 2010 Π.
2045 1963 2274 2026 Πρόνοια]
2305 1965 2536 2015 Pronaea
2568 1970 2668 2024 ΒΚ,

365 2045 592 2095 Pronaeo
623 2049 694 2103 u,
727 2045 963 2094 Pronoxa
993 2047 1053 2102 Β,
1086 2044 1305 2093 Pronoes
1343 2047 1397 2093 0.
1700 2045 1748 2092 si
1778 2044 1966 2107 vestra]
1996 2046 2045 2093 si
2075 2060 2198 2094 uera
2230 2050 2334 2104 HV,
2368 2048 2417 2096 si
2452 2062 2569 2097 uero
2606 2053 2667 2106 Ν,

364 2134 538 2177 nostra
567 2130 616 2177 si
646 2142 767 2178 vera
798 2131 854 2178 0.
1049 2126 1238 2189 eadem]
1273 2138 1376 2175 om.
1409 2130 1470 2176 Β.
1667 2128 1874 2189 omnem]
1907 2141 2010 2177 om.
2043 2132 2104 2185 Κ,
2137 2142 2238 2178 esse
2269 2134 2323 2179 1..
2485 2132 2668 2194 operis]

367 2208 470 2258 oris
489 2212 542 2265 1⁵,
565 2209 697 2257 orbis
720 2213 772 2258 0.
940 2207 1349 2269 desiqnationem]
1378 2207 1498 2256 diss.
1524 2209 1625 2255 ΒΚ.
1778 2206 1984 2269 fecerit]
2006 2209 2136 2270 secit
2167 2212 2209 2258 1.
2374 2210 2668 2260 Platonicus

368 2289 507 2350 deus]
529 2290 782 2352 platonici
812 2288 984 2338 dicunt
1013 2289 1156 2338 deum
1176 2291 1337 2347 mo,
1359 2288 1614 2352 platonici
1637 2288 1810 2337 dicunt
1832 2291 1890 2348 7,
1919 2291 2027 2337 text
2048 2291 2126 2354 Vl.
2302 2291 2667 2355 sempiternum]

366 2372 666 2432 sepiternum
697 2373 758 2419 Κ.

462 2451 554 2501 IX.
618 2451 808 2514 saecla]
852 2455 988 2500 m
1017 2449 1197 2512 thrioe,
1233 2451 1438 2500 saecula
1469 2448 1656 2501 others.
1902 2451 2088 2513 potest]
2119 2454 2336 2510 nmo,
2369 2468 2470 2503 non
2500 2461 2666 2517 potest
2693 2464 2769 2523 21

368 2539 582 2585 mcv.
844 2534 1213 2595 coqitationem]
1252 2534 1582 2596 cognitionem
1619 2536 1740 2584 mo,
2028 2535 2325 2597 laboremne]
2365 2537 2578 2586 laborem
2608 2542 2663 2594 0,
2692 2545 2770 2603 22

368 2617 596 2665 laborare
626 2620 681 2667 1..
856 2615 1038 2678 omnes]
1071 2617 1228 2664 omnis
1259 2619 1338 2665 ΒΙ.
1524 2615 1687 2676 iones]
1719 2614 1854 2676 iynis
1886 2612 2041 2671 1¹19,
2075 2616 2185 2663 text
2215 2614 2297 2665 1².
2483 2620 2664 2682 terrae]

370 2707 505 2748 terra
527 2704 581 2750 Ο.
780 2705 1032 2762 tamquam
1054 2698 1236 2747 aedilis
1264 2700 1479 2747 ornare?
1513 2698 1597 2758 St]
1618 2711 1724 2746 orn.
1754 2703 1789 2747 t.
1817 2697 1928 2748 aed.
1954 2698 2058 2745 nisi
2080 2702 2133 2748 Ο.
2329 2699 2664 2764 habitaverat]

368 2781 677 2831 habitauerit
709 2785 862 2831 mov.
1185 2786 1301 2842 post
1333 2785 1437 2830 aut.
1475 2779 1612 2840 vav-‚J
1654 2785 1771 2841 post
1812 2786 1979 2828 autem
2009 2780 2069 2829 in
2101 2781 2224 2830 luce.
2261 2781 2574 2832 Varietatene
2608 2788 2660 2834 ῦ.

370 2866 548 2927 terras]
582 2871 765 2913 terram
794 2868 848 2914 Ο.
1040 2862 1189 2925 quae]
1222 2864 1353 2911 enim
1385 2859 1486 2911 add
1517 2866 1617 2912 lm.
1819 2862 1910 2923 an]
1941 2863 2010 2910 ad
2040 2866 2095 2920 Β,
2129 2869 2186 2911 at
2218 2867 2271 2913 Ο.
2452 2871 2510 2913 ut
2530 2866 2664 2929 sere]
2691 2874 2768 2934 23

365 2954 426 2996 ut
455 2961 569 2995 uere
601 2949 689 3002 m,
713 2945 824 3007 sere
852 2950 910 2993 ut
937 2947 995 2995 7.
1165 2957 1200 2991 a
1227 2943 1337 3005 deo]
1369 2957 1404 2991 a
1433 2956 1536 2991 om.
1564 2947 1629 2993 Κ.
1809 2942 1961 3005 quod]
1994 2945 2158 3005 quoad
2183 2947 2224 3001 1,
2255 2945 2345 3006 qui
2369 2948 2429 3001 Β,
2461 2961 2574 3008 -que
2601 2951 2663 2997 V.

461 3044 524 3096 X.
590 3044 701 3107 qui]
734 3043 863 3106 quod
891 3047 945 3093 1..
1167 3040 1374 3103 natura]
1406 3047 1640 3090 naturam
1671 3045 1720 3091 z.
1951 3043 2302 3103 intelleyentis]
2335 3046 2434 3101 ΒΚ,
2473 3045 2663 3094 intelli·

365 3136 533 3191 gentes
565 3127 637 3177 all
668 3125 855 3176 others,
1122 3126 1426 3173 animantem
1470 3123 1817 3186 immortalem]
1863 3125 2092 3171 animant
2131 3125 2263 3173 enim
2293 3128 2548 3174 mortalem
2579 3126 2660 3184 1¹,
2690 3135 2770 3194 24

365 3215 629 3259 autumant
661 3223 770 3257 eum
800 3206 881 3256 1².
1125 3204 1412 3267 rotundum]
1444 3210 1493 3253 et
1525 3219 1569 3254 r.
1604 3208 1708 3262 HV,
1742 3205 2099 3267 rotundumque
2131 3209 2189 3255 Β..
2420 3208 2662 3270 cylindri]

364 3294 447 3341 cil.
481 3296 578 3348 Β7,
612 3291 731 3340 chit.
765 3292 1025 3344 mcv,
1059 3288 1268 3337 chilidri
1298 3289 1351 3337 1..
1577 3287 1906 3350 significetur]
1937 3291 1987 3339 Ζ.
2219 3289 2451 3351 appulsu]
2484 3291 2665 3352 apulsa

364 3376 469 3431 EN,
493 3388 525 3421 a
539 3374 693 3435 pulsu
721 3375 764 3420 1.
950 3368 1245 3430 obriquerit]
1274 3369 1492 3429 obriquit
1513 3372 1569 3426 Β,
1604 3370 1820 3417 obruerit
1842 3372 1901 3417 N.
2080 3368 2251 3430 atque]
2274 3376 2328 3416 at
2350 3373 2409 3426 Β,
2432 3372 2579 3432 atqui
2600 3374 2655 3422 7.
2689 3375 2766 3435 25

366 3456 488 3505 haec
524 3453 744 3517 quidem]
786 3466 874 3515 eqo
908 3452 1106 3514 quidem
1141 3455 1205 3509 Κ,
1244 3466 1465 3514 quaeque
1499 3455 1560 3508 Η,
1597 3452 1717 3500 haec
1757 3465 1861 3500 om.
1896 3455 1950 3501 0.
2150 3465 2264 3500 vero
2299 3451 2426 3514 sint]
2454 3456 2514 3510 7,
2546 3468 2664 3502 uero

363 3545 437 3586 est
466 3542 523 3594 Β,
555 3550 673 3586 uero
701 3541 820 3585 sunt
850 3537 1148 3591 moon,
1181 3546 1285 3582 om.
1307 3537 1368 3583 Κ.
1546 3534 1872 3596 superiorum]
1905 3547 2009 3582 om.
2042 3536 2100 3582 Κ.
2279 3534 2481 3596 Thales]
2516 3536 2662 3585 Tales

286 3620 295 3627 ‘
362 3622 547 3669 mo.
764 3616 916 3677 enim]
948 3629 1048 3665 om.
1087 3618 1202 3664 tm.
1430 3614 1593 3675 rebus]
1626 3628 1728 3662 om.
1763 3619 1817 3664 0.
2046 3628 2155 3662 eam
2191 3615 2420 3676 mentem]
2450 3630 2515 3664 m.
2555 3632 2664 3666 eam

362 3704 447 3750 m.
670 3696 870 3758 cuncta]
902 3702 1046 3745 cucta
1077 3698 1131 3745 Β.
1331 3696 1568 3758 finqeret]
1601 3696 1825 3756 yiyneret
1855 3698 1913 3745 7.
2131 3696 2192 3744 Si
2225 3695 2302 3757 di]
2335 3697 2423 3745 Sic
2455 3696 2574 3746 deus
2605 3702 2661 3755 Β,

363 3781 451 3830 Sic
484 3779 540 3828 di
572 3782 633 3835 Κ,
667 3777 770 3828 Sed
800 3777 855 3825 di
887 3779 936 3826 1..
1126 3776 1291 3837 sensu]
1323 3777 1439 3824 uisu
1468 3779 1529 3833 7,
1563 3778 1672 3823 text
1691 3779 1767 3840 V„
1975 3789 2066 3824 cur
2096 3776 2280 3837 aquae]
2312 3790 2529 3840 curaque
2562 3782 2660 3828 ΒΚ.

362 3860 623 3921 adiunxit]
656 3871 757 3909 om.
796 3861 894 3907 ΒΚ.
1127 3857 1197 3918 si]
1228 3858 1378 3905 sicuti
1411 3860 1510 3905 ΒΚ.
1761 3856 2004 3917 constare]
2034 3861 2170 3905 stare
2200 3860 2253 3907 1..
2477 3861 2662 3921 potest]

353 3947 519 4005 posset
550 3944 611 3990 Π.
773 3937 1169 3998 Anaximandri]
1202 3938 1449 3986 Anamax.
1484 3940 1544 3994 Κ,
1578 3936 2004 3985 Anaximandridi
2024 3939 2084 3987 N.
2250 3938 2447 3999 eosque]
2479 3953 2663 3987 eorum·

361 4037 455 4085 que
492 4025 569 4086 Vl.
803 4019 1029 4079 mundos]
1062 4018 1174 4067 deos
1207 4022 1265 4067 N.
1499 4017 1612 4079 qui]
1652 4017 1780 4078 quid
1811 4016 1937 4065 EP-
2164 4017 2271 4079 sed]
2302 4019 2390 4067 sed
2418 4020 2571 4068 etiam
2604 4024 2655 4071 c.
2689 4037 2764 4095 23

362 4106 532 4154 deceat
564 4103 686 4164 esse]
719 4103 856 4150 dicat
888 4115 988 4149 esse
1021 4104 1091 4157 u,
1125 4101 1296 4149 doceat
1329 4114 1429 4149 esse
1461 4103 1521 4155 N,
1555 4114 1656 4148 esse
1689 4099 1860 4147 deceat
1891 4102 1951 4155 7,
1985 4113 2086 4147 esse
2119 4099 2260 4148 dicat
2292 4104 2372 4165 Vl.

458 4200 548 4251 xl.
619 4199 1008 4263 discriptionem]
1056 4202 1158 4256 mi,
1214 4199 1624 4262 discrepationem
1667 4201 1722 4254 Β,
1779 4197 2126 4260 disceptione-m
2169 4201 2232 4255 Κ,
2288 4198 2661 4262 descriptionem
