3150 4700
876 261 1008 310 Lm.
1055 261 1086 311 1
1128 260 1272 312 cn.
1320 260 1655 311 xL—xm
1697 245 1776 332 ἐξ
1821 248 2179 314 113-119.
2593 248 2675 312 41

373 412 527 490 agat
568 425 782 489 neque
817 405 1069 492 egerit?
1120 406 1303 488 Quae
1345 427 1531 492 porro
1575 406 1783 492 pietas
1827 406 1889 473 ei
1934 407 2223 487 debetur,
2261 428 2303 472 a
2343 429 2473 493 quo
2512 406 2679 473 nihil

370 505 731 591 acceperis?
773 515 891 571 aut
918 507 1075 592 quid
1104 507 1385 586 omnino,
1401 507 1586 593 cujus
1614 508 1873 573 nullum
1904 506 2211 573 meritum
2240 508 2343 586 sit,
2366 508 2428 574 ei
2459 507 2679 573 deberi

370 613 631 694 potest?
716 607 842 674 Est
869 611 1047 676 enim
1074 611 1282 697 pietas
1317 610 1583 696 justitia
1626 612 1970 677 adversum
2014 612 2205 693 deos3
2247 632 2397 676 cum
2440 610 2679 697 quibus

374 712 532 798 quid
560 720 779 798 potest
805 713 992 779 nobis
1020 734 1159 779 esse
1179 713 1366 801 juris,
1399 735 1547 778 cum
1580 713 1829 779 homini
1848 707 2039 779 vnulla
2067 736 2217 779 cum
2246 713 2367 780 deo
2396 714 2481 780 sit
2509 735 2680 778 com-

306 851 339 911 5
373 816 703 883 munitas?
791 817 1121 885 Sanctitas
1173 826 1399 883 autem
1449 825 1550 883 est
1609 818 1880 883 scientia
1922 814 2331 883 colendorum
2374 813 2676 898 deorum;

371 919 485 1004 qui
516 940 713 1004 quam
742 920 826 986 ob
854 943 994 986 rem
1028 920 1278 986 colendi
1317 921 1467 1001 sint,
1496 941 1631 986 non
1675 920 2005 1007 intellego,
2036 919 2214 986 nullo
2258 943 2378 987 nec
2418 928 2679 1007 accepto

370 1020 456 1085 ab
483 1021 563 1087 iis
592 1045 713 1087 nec
742 1032 997 1109 sperato
1025 1023 1210 1091 bono.

502 1125 712 1194 XLII.
801 1127 973 1207 Quid
1020 1137 1119 1193 est
1161 1136 1402 1207 autem,
1445 1126 1618 1214 quod
1662 1126 1814 1192 deos
1851 1146 2229 1192 veneremur
2270 1134 2532 1212 propter
2565 1124 2677 1192 ad·
2703 1132 2816 1193 117

372 1231 781 1297 mirationem
813 1233 955 1319 ejus
981 1242 1273 1313 naturae,
1304 1233 1373 1297 in
1405 1254 1535 1318 qua
1564 1228 1895 1317 egregium
1923 1228 2090 1295 nihil
2117 1230 2453 1296 videmus?
2497 1229 2675 1296 Nam

270 1373 347 1416 10
373 1336 843 1420 superstitione,
874 1335 1046 1422 quod
1074 1336 1333 1422 gloriari
1362 1334 1601 1413 soletis,
1629 1335 1814 1399 facile
1845 1341 1944 1399 est
1971 1333 2245 1412 liberari,
2274 1355 2424 1398 oum
2461 1340 2673 1398 sustu·
2729 1390 2738 1401 ,

371 1436 524 1502 leris
553 1460 813 1504 omnem
842 1438 977 1504 vim
1017 1434 1320 1519 deorum3
1360 1437 1487 1502 nisi
1524 1437 1689 1502 forte
1724 1436 2073 1523 Diagoram
2100 1444 2217 1502 aut
2247 1434 2674 1513 Theodorum,

370 1540 488 1627 qui
531 1542 793 1608 omnino
836 1542 986 1607 deos
1030 1564 1166 1607 esse
1209 1541 1554 1626 negabant,
1596 1562 1816 1606 censes
1858 1539 2331 1626 superstitiosos
2381 1560 2519 1604 esse
2560 1562 2673 1626 po-

369 1646 588 1713 tuisse.
674 1648 813 1734 Ego
854 1669 938 1713 ne
974 1647 1392 1733 Protagoram
1428 1643 1713 1733 quidem,
1745 1643 1852 1711 cui
1894 1652 2199 1710 neutrum
2241 1643 2515 1725 licuerit,
2553 1665 2674 1709 nec

369 1772 507 1817 esse
536 1752 689 1818 deos
717 1773 835 1817 nec
862 1773 995 1816 non
1037 1772 1190 1817 esse.
1279 1750 1537 1816 Horum
1583 1750 1761 1815 enim
1805 1748 2165 1814 sententiae
2208 1746 2498 1813 omnium
2541 1768 2671 1813 non

268 1889 338 1950 15
371 1855 558 1921 modo
588 1855 1115 1941 superstitionem
1143 1855 1400 1934 tollunt,
1430 1854 1501 1919 in
1531 1877 1663 1941 qua
1690 1855 1860 1920 inest
1893 1854 2090 1919 timor
2125 1852 2338 1918 inanis
2380 1853 2667 1932 deorum,

370 1957 482 2023 sed
512 1960 712 2025 etiam
741 1958 1133 2046 religionem,
1168 1981 1334 2045 quae
1364 1958 1630 2024 deorum
1659 1959 1840 2024 cultu
1868 1956 1975 2044 pio
2006 1956 2384 2024 continetur.
2451 1956 2670 2036 Quid?
2696 1960 2811 2022 us

365 2061 432 2139 ii,
489 2063 603 2148 qui
654 2063 957 2130 dixerunt
1001 2073 1208 2130 totam
1251 2063 1331 2128 de
1375 2064 1475 2129 dis
1518 2063 1992 2128 immortalibus
2038 2061 2405 2147 opinionem
2452 2061 2669 2127 fictam

367 2186 504 2231 esse
534 2166 619 2231 ab
648 2166 1019 2233 hominibus
1048 2165 1450 2252 sapientibus
1478 2166 1569 2230 rei
1602 2165 1898 2251 publicae
1940 2187 2151 2245 causa,
2182 2171 2275 2243 ut,
2303 2186 2462 2250 quos
2502 2164 2668 2230 ratio

366 2287 496 2332 non
524 2276 754 2354 posset,
784 2291 893 2335 eos
932 2268 1013 2334 ad
1059 2268 1341 2334 officium
1382 2267 1609 2355 religio
1653 2267 1933 2347 duceret,
1964 2288 2177 2333 nonne
2221 2288 2478 2332 omnem
2521 2266 2670 2331 reli·-

261 2414 340 2455 20
363 2371 624 2456 gionem
667 2371 959 2438 funditus
1002 2371 1447 2437 sustulerunt?
1533 2370 1753 2451 Quid?
1838 2367 2145 2436 Prodicus
2195 2370 2369 2448 Cius,
2415 2369 2530 2457 qui
2573 2392 2669 2453 ea,

365 2495 531 2560 quae
557 2474 935 2563 prodessent
969 2474 1307 2540 hominum
1335 2474 1529 2554 vitae,
1559 2474 1828 2540 deorum
1855 2474 1926 2538 in
1954 2496 2223 2539 numero
2262 2473 2487 2540 habita
2528 2495 2667 2539 esse

367 2577 550 2657 dixit,
579 2599 778 2664 quam
806 2578 1073 2644 tandem
1108 2578 1481 2663 religionem
1526 2577 1837 2664 reliquit?
1924 2577 2097 2659 Quid
2120 2581 2145 2643 2
2186 2576 2300 2663 qui
2329 2584 2446 2642 aut
2471 2577 2667 2643 fortes
2691 2586 2808 2646 119

366 2689 484 2747 aut
511 2682 712 2747 claros
740 2689 857 2747 aut
884 2689 1185 2767 potentes
1212 2682 1380 2746 viros
1410 2680 1678 2747 tradunt
1706 2690 1854 2768 post
1891 2689 2165 2746 mortem
2205 2679 2289 2745 ad
2333 2680 2485 2746 deos
2524 2703 2668 2767 per-

365 2782 634 2862 venisse,
664 2805 902 2870 eosque
947 2805 1085 2849 esse
1128 2783 1316 2869 ipsos,
1348 2805 1507 2869 quos
1549 2805 1667 2848 nos
1709 2783 1932 2863 colere,
1962 2782 2208 2869 precari
2249 2781 2667 2869 venerarique

262 2928 334 2988 25
365 2883 697 2964 soleamus,
729 2907 946 2951 nonne
978 2894 1270 2971 expertes
1300 2894 1452 2951 sunt
1486 2883 1872 2971 religionum
1912 2885 2252 2950 omnium?
2294 2906 2459 2969 quae
2500 2884 2667 2950 ratio

364 2987 647 3054 maxime
676 2995 955 3054 tractata
983 2988 1066 3052 ab
1096 2987 1460 3053 Euhemero
1491 2996 1607 3067 est,
1638 3010 1832 3074 quem
1861 2996 2080 3053 noster
2107 2995 2176 3053 et
2204 2987 2666 3073 interpretatus

365 3098 434 3154 et
466 3099 725 3156 secutus
754 3100 853 3156 est
882 3101 1138 3177 praeter
1175 3099 1418 3160 ceteros
1456 3091 1723 3158 Ennius.
1810 3092 1920 3157 Ab
1947 3091 2312 3157 Euhemero
2348 3100 2568 3157 autem
2597 3100 2666 3157 et

362 3201 601 3259 mortes
630 3202 699 3259 et
726 3194 1095 3279 sepulturae
1124 3189 1647 3259 demonstrantur
1684 3192 1965 3261 deorum.
2055 3193 2300 3259 Utrum
2328 3192 2531 3280 igitur
2558 3193 2665 3259 hic

362 3295 766 3364 confirmasse
824 3295 1081 3361 videtur
1135 3296 1511 3382 religionem
1569 3318 1656 3361 an
1713 3294 1975 3382 penitus
2030 3303 2239 3362 totam
2287 3296 2664 3363 sustulisse?

256 3443 337 3500 30
364 3398 618 3468 Omitto
648 3399 1022 3465 Eleusinem
1050 3408 1339 3465 sanctam
1368 3399 1550 3464 illam
1570 3407 1650 3465 .et
1678 3407 2036 3486 augustam,

782 3557 917 3614 'Ubi
951 3557 1318 3614 initiantur
1349 3560 1580 3629 gentes
1615 3575 1874 3614 orarum
1907 3557 2199 3630 ultimae,

458 3866 492 3917 9
521 3866 744 3916 videmus
777 3877 892 3927 usa,
917 3866 1181 3919 ,videamus
1213 3865 1366 3917 Allen
1396 3865 1571 3919 Madv.
1603 3867 1699 3918 Ba.
1928 3868 1993 3918 10
2024 3869 2231 3920 liberari
2261 3867 2418 3934 [3¹1³]
2449 3875 2486 3922 ο
2516 3869 2655 3934 Asc„

362 3947 573 3997 liberare
592 3945 938 3997 nmmo.
1133 3948 1199 3996 20
1227 3949 1472 3999 Prodicus
1492 3949 1630 4011 Aac„
1649 3950 1891 4013 prodiens
1912 3949 2043 4005 X4.
2176 3951 2298 4001 C'im
2319 3955 2384 4019 Vl
2402 3950 2662 4005 Victorius

361 4027 450 4089 (cs.
469 4026 686 4078 Inohm.
706 4026 861 4077 Ima.
890 4041 948 4078 nr
970 4027 1136 4091 1130),
1175 4029 1300 4080 Ceus
1331 4030 1461 4081 Dav,
1493 4030 1636 4090 sch..
1663 4033 1829 4082 chinis
1858 4032 2006 4092 ABG,
2036 4034 2201 4084 chiim
2228 4037 2286 4093 B,
2318 4034 2460 4085 ohim
2487 4033 2660 4090 ET÷.

360 4106 429 4157 so
456 4108 745 4157 Eleusina„
764 4107 896 4156 ΔΘΕ
910 4117 981 4168 ÷,
1002 4110 1250 4160 Eanum
1269 4110 1333 4170 B,
1354 4112 1651 4163 mmmm
1669 4114 1893 4164 mvr.
2047 4114 2117 4165 81
2147 4128 2346 4166 orarum
2361 4113 2658 4179 [Bcffljm

361 4189 596 4238 hor-amm
613 4186 814 4245 Ac¹s÷
827 4224 842 4250 ,
863 4191 977 4240 omi
997 4189 1130 4254 conj.
1151 4190 1368 4257 Bentley
1387 4205 1457 4244 on
1476 4191 1609 4243 Hor.
1633 4193 1727 4244 od.
1748 4206 1771 4243 ι
1792 4193 1873 4243 85.
1895 4192 1979 4244 29.
