3150 4700
866 272 997 325 ms.
1044 273 1072 322 1
1113 272 1262 325 car.
1310 264 1660 324 :nn—m
1702 256 1782 344 ἓξ
1824 258 2096 325 42—49.
2547 258 2630 327 17

328 425 794 506 aeternumque
843 418 946 497 sit,
995 419 1066 485 id
1112 441 1236 486 nec
1274 419 1512 486 habere
1561 420 1776 507 ipsum
1824 419 2070 507 negotii
2115 417 2461 506 quicquam
2511 439 2631 484 nec

326 522 637 589 exhibere
689 522 896 602 alteri,
946 522 1169 609 itaque
1222 544 1439 608 neque
1491 523 1594 589 ira
1639 545 1850 609 neque
1899 522 2110 610 gratia
2157 522 2384 601 teneri,
2434 522 2629 607 quod,

327 650 497 715 quae
536 628 698 696 talia
738 636 969 707 essent,
998 628 1320 695 imbecilla
1356 635 1571 694 essent
1609 629 1846 695 omnia.
1928 627 2005 694 Si
2038 626 2204 693 nihil
2231 626 2408 692 aliud
2434 647 2632 712 quae-

326 752 633 810 reremus,
672 730 800 797 nisi
842 738 925 798 ut
967 730 1120 798 deos
1169 731 1281 819 pie
1327 732 1686 799 coleremus
1728 738 1801 798 et
1846 737 1925 797 ut
1974 730 2424 817 superstitione
2472 730 2632 796 libe-

263 847 299 909 5
328 852 632 911 raremur,
677 830 835 898 satis
875 841 1019 899 erat
1059 831 1347 915 dictum3
1391 856 1548 899 nam
1588 842 1661 899 et
1702 840 2033 919 praestans
2081 832 2348 898 deorum
2399 837 2633 896 natura

328 934 667 1001 hominum
708 935 953 1022 pietate
995 935 1326 1015 coleretur,
1355 958 1505 1003 cum
1541 943 1613 1002 et
1649 944 1916 1030 aeterna
1951 942 2121 1002 esset
2156 942 2227 1001 et
2263 934 2633 1001 beatissima

333 1036 562 1120 (habet
601 1037 780 1104 enim
816 1038 1297 1104 venerationem
1330 1061 1360 1125 J
1368 1047 1598 1116 ustm,
1627 1038 1934 1125 quicquid
1977 1037 2278 1124 excellit),
2306 1045 2377 1104 et
2418 1045 2631 1103 metus

329 1139 538 1206 omnis
582 1162 624 1205 a
665 1140 732 1205 vi
778 1147 977 1226 atque
1024 1141 1123 1207 ira
1171 1141 1435 1207 deorum
1485 1140 1714 1228 pulsus
1758 1148 1960 1222 esset;
2010 1139 2410 1226 intellegitur
2455 1140 2631 1205 enim

328 1263 374 1307 a
418 1243 613 1308 beata
668 1242 1145 1329 immortalique
1202 1251 1439 1310 natura
1493 1251 1567 1310 et
1618 1242 1784 1308 iram
1831 1248 1903 1308 et
1949 1241 2223 1329 gratiam
2273 1241 2590 1328 segregari
2611 1265 2640 1331 ς.

228 1366 306 1408 10
329 1344 566 1430 quibus
590 1344 853 1410 remotis
881 1345 1092 1410 nullos
1121 1367 1162 1411 a
1188 1345 1439 1432 superis
1464 1344 1838 1432 impendere
1878 1353 2106 1410 metus.
2194 1343 2327 1412 Sed
2354 1343 2438 1409 ad
2465 1344 2644 1410 hano.

326 1447 829 1514 confirmandam
878 1448 1243 1534 opinionem
1292 1448 1581 1534 anquirit
1628 1448 1885 1515 animus
1926 1455 1995 1514 et
2035 1445 2306 1514 formam
2347 1457 2419 1515 et
2457 1447 2630 1515 vitae

328 1551 649 1618 actionem
675 1551 1041 1638 mentisque
1068 1551 1487 1639 agitationem
1516 1552 1589 1618 in
1616 1552 1754 1620 deo.

459 1652 715 1718 XVIII.
784 1647 884 1718 Ac
926 1653 1007 1719 de
1052 1653 1258 1719 forma
1283 1654 1549 1739 quidem
1594 1653 1834 1740 partim
1874 1660 2108 1719 natura
2144 1673 2263 1719 nos
2301 1653 2625 1733 admonet,
2647 1666 2727 1728 46

328 1754 568 1846 partim
617 1753 781 1821 ratio
831 1755 1032 1821 docet.
1118 1755 1294 1821 Nam
1343 1778 1389 1822 a
1424 1765 1660 1823 natura
1708 1756 2020 1823 habemus
2070 1778 2292 1822 omnes
2339 1755 2629 1822 omnium

230 1880 258 1920 π
268 1878 303 1939 5
329 1858 625 1943 gentium
667 1858 947 1944 speciem
994 1858 1247 1924 nullam
1291 1859 1488 1925 aliam
1536 1859 1663 1925 nisi
1710 1859 2067 1925 humanam
2114 1859 2414 1940 deorum;
2461 1879 2629 1944 quae

329 1958 506 2025 enim
555 1959 761 2025 forma
809 1961 939 2026 alia
987 1960 1263 2027 occurrit
1306 1983 1618 2047 umquam
1668 1969 1786 2028 aut
1828 1961 2125 2047 vigilanti
2168 1961 2469 2046 cuiquam
2512 1969 2629 2026 aut

329 2059 718 2127 dormienti?
789 2061 920 2129 Sed
950 2084 1033 2128 ne
1062 2062 1280 2129 omnia
1305 2072 1684 2130 revocentur
1709 2064 1794 2129 ad
1820 2063 2061 2149 primas
2089 2062 2420 2130 notiones:
2463 2063 2628 2129 ratio

327 2162 450 2229 hoc
489 2162 665 2228 idem
708 2163 851 2250 ipsa
887 2164 1185 2232 declarat.
1272 2165 1449 2233 Nam
1485 2188 1636 2232 cum
1669 2165 2283 2252 praestantissimam
2308 2173 2626 2247 naturam,
2649 2175 2726 2236 4‘1

327 2264 435 2330 vel
469 2265 626 2350 quia
665 2265 861 2332 beata
898 2274 998 2332 est
1036 2266 1139 2332 vel
1168 2266 1322 2354 quia
1356 2267 1763 2354 sempiterna,
1790 2266 2127 2333 convenire
2154 2266 2449 2332 videatur
2476 2289 2627 2335 ean-

226 2400 305 2440 20
329 2367 480 2434 dem
506 2389 646 2434 esse
672 2369 1186 2456 pulcherrimam,
1214 2391 1379 2457 quae
1408 2370 1782 2456 compositio
1810 2370 2259 2449 membrorum,
2288 2391 2454 2455 quae
2483 2392 2628 2436 con-

328 2470 622 2536 formatio
649 2470 1192 2551 liniamentorum,
1208 2469 1376 2558 quae
1403 2472 1626 2559 figura,
1647 2495 1814 2559 quae
1841 2473 2082 2560 species
2108 2474 2393 2541 humana
2417 2483 2631 2562 potest

327 2593 467 2642 esse
508 2572 874 2659 pulchrior?
959 2573 1093 2641 Vos
1134 2575 1415 2661 quidem,
1459 2575 1696 2654 Lucili,
1729 2576 1946 2641 soletis
1989 2576 2170 2662 (nam
2212 2576 2405 2644 Cotta
2446 2600 2629 2644 meus

327 2672 519 2740 modo
568 2674 704 2755 hoc,
753 2676 943 2742 modo
992 2676 1202 2763 illud),
1251 2698 1401 2743 cum
1451 2676 1793 2743 artificium
1844 2677 2147 2765 effingitis
2194 2677 2630 2763 fabricamque

328 2776 634 2855 divinam,
682 2800 879 2864 quam
936 2780 1069 2847 sint
1124 2778 1345 2846 omnia
1398 2780 1471 2846 in
1525 2780 1805 2846 hominis
1861 2781 2067 2867 figura
2121 2803 2254 2848 non
2306 2780 2498 2846 modo
2545 2779 2628 2846 ad

227 2908 262 2952 2
268 2904 302 2966 5
328 2903 536 2962 usum,
581 2903 807 2947 verum
857 2882 1056 2949 etiam
1105 2883 1191 2949 ad
1238 2891 1647 2949 venustatem
1702 2893 1873 2970 apta,
1922 2884 2295 2951 describere.
2382 2883 2628 2966 Quodsi
2651 2894 2732 2955 48

327 2982 621 3050 omnium
658 2985 1088 3051 animantium
1125 2986 1395 3052 formam
1424 2985 1630 3052 vincit
1665 2986 1943 3052 hominis
1970 2986 2193 3073 figura,
2222 2988 2382 3053 deus
2406 2995 2628 3054 autem

326 3089 623 3155 animans
662 3098 778 3170 est,
821 3111 902 3157 ea
945 3091 1155 3178 figura
1199 3092 1485 3178 profecto
1528 3099 1647 3169 est,
1684 3111 1852 3176 quae
1881 3091 2309 3177 pulcherrima
2351 3100 2450 3157 est
2491 3114 2630 3156 om-

332 3189 549 3272 nium3
591 3191 1026 3278 quoniamque
1066 3192 1220 3258 deos
1258 3191 1662 3259 beatissimos
1688 3214 1826 3258 esse
1854 3201 2119 3272 constat,
2149 3192 2377 3259 beatus
2407 3200 2628 3259 autem

327 3313 467 3358 esse
516 3292 655 3358 sine
692 3293 934 3360 virtute
978 3313 1168 3362 nemo
1209 3302 1423 3380 potest
1463 3316 1583 3360 nec
1624 3295 1832 3361 virtus
1871 3294 2010 3361 sine
2052 3295 2300 3376 ratione
2340 3304 2626 3361 constare

220 3417 304 3477 30
328 3420 446 3465 nec
489 3399 655 3465 ratio
698 3421 975 3485 usquam
1024 3400 1232 3467 inesse
1277 3399 1403 3466 nisi
1449 3400 1519 3487 in
1568 3399 1846 3488 hominis
1896 3399 2118 3486 figura,
2161 3397 2440 3465 hominis
2488 3420 2625 3466 esse

326 3501 537 3588 specie
580 3503 732 3569 deos
774 3503 1213 3570 confitendum
1256 3510 1370 3570 est.
1460 3502 1604 3568 Nec
1629 3510 1851 3568 tamen
1880 3523 1959 3567 ea
1985 3499 2224 3587 species
2252 3521 2477 3587 corpus
2503 3507 2623 3582 est,
2646 3508 2725 3568 49

325 3605 439 3672 sed
481 3606 668 3691 quasi
709 3629 953 3692 corpus,
996 3629 1116 3674 nec
1157 3605 1355 3673 habet
1404 3605 1800 3692 sanguinem,
1842 3604 1956 3672 sed
1996 3605 2183 3692 quasi
2224 3605 2626 3691 sanguinem.

328 3707 515 3774 XIX.
580 3707 764 3774 Haec
808 3731 1203 3796 quamquam
1244 3716 1316 3775 et
1356 3708 1623 3775 inventa
1663 3716 1817 3774 sunt
1854 3707 2105 3774 acutius
2142 3715 2212 3772 et
2259 3707 2434 3773 dicta
2475 3707 2629 3773 sub-
2749 3705 2762 3760 Ι

325 3808 506 3876 tilius
555 3810 640 3881 ab
682 3810 977 3899 Epicuro,
1023 3834 1220 3899 quam
1264 3819 1344 3878 ut
1384 3810 1597 3897 quivis
1627 3831 1719 3898 ⁸ea
1758 3809 1961 3896 possit
2004 3829 2380 3895 agnoscere,·
2404 3816 2626 3874 tamen

424 3981 490 4031 11
521 3982 753 4045 anquirit
768 3980 978 4046 [xpm
990 3983 1211 4046 inqtdm
1233 3980 1369 4031 Mus.
1595 3980 1734 4029 vitae
1750 3979 1995 4028 actium
2007 3979 2281 4041 mentisque
2295 3978 2624 4040 ammaim

323 4060 481 4112 Beier
501 4062 621 4128 (Off.
644 4077 666 4112 1
689 4064 788 4126 17),
812 4066 973 4114 vitam
992 4070 1040 4114 et
1060 4066 1306 4114 actioeoem
1323 4063 1502 4114 mentia
1519 4067 1673 4125 atque
1693 4062 2021 4124 aqimtiomn
2039 4073 2155 4111 uss.
2416 4061 2483 4112 27
2506 4063 2623 4124 pul·

322 4144 574 4193 cherrima
592 4151 665 4193 es:
686 4143 855 4195 Madv.
881 4157 968 4194 see
987 4144 1204 4205 comm„
1218 4144 1651 4210 pulcherrima-sit
1673 4154 1786 4194 uss.
1812 4141 1922 4196 Mu.
2067 4142 2132 4192 80
2161 4142 2266 4191 nin·
2286 4142 2344 4191 in
2364 4140 2620 4206 [BJUr÷.

322 4227 429 4276 aiei
451 4223 723 4288 Acnpsx,
749 4228 857 4277 cine
877 4224 1069 4278 others.

498 4332 573 4381 u.
605 4333 659 4383 c,
2409 4317 2450 4379 2
