3150 4700
1306 42 1339 82 'x

997 239 1123 287 ΗΒ.
1170 239 1197 288 1
1243 238 1390 288 cAP.
1438 239 1684 289 x—x11
1730 222 1809 309 ἐξ
1855 226 2128 299 25—29.
2629 230 2706 293 11
2751 304 2762 314 ι

316 348 325 358 ¹
411 393 660 470 partem
701 406 837 451 esse
877 385 1178 451 miseram
1202 412 1219 469 ;
1271 387 1444 473 quod
1473 386 1614 452 fieri
1642 409 1773 452 non
1801 396 2032 474 potest.
2091 356 2100 399 ’ἦ
2123 389 2257 454 Cur
2283 397 2506 454 autem
2533 390 2712 475 quic·
2735 400 2814 460 28

409 508 607 571 quam
665 489 988 574 ignoraret
1044 490 1305 555 animus
1362 490 1676 585 hominis,
1721 492 1777 556 si
1836 500 2006 557 esset
2063 493 2271 559 deus?
2335 515 2465 578 quo
2520 493 2712 559 modo

409 611 593 673 porro
648 590 807 655 deus
864 590 1005 669 iste,
1059 591 1115 655 si
1171 592 1340 656 nihil
1399 602 1568 657 esset
1626 592 1754 657 nisi
1811 594 2085 670 animus,
2136 602 2253 659 aut
2303 594 2547 673 infixus
2595 603 2713 660 aut

406 691 657 757 infusus
705 703 875 758 esset
925 693 998 758 in
1048 695 1333 759 mundo?
1420 694 1594 759 Tum
1652 695 2106 781 XenophaneS,
2158 697 2273 782 qui
2327 692 2548 763 mente
2598 698 2710 763 ad-

348 817 380 876 5
397 795 631 885 juncta
686 817 877 861 omne
939 797 1313 882 [praeterera
1361 797 1536 882 quod
1596 799 1792 884 esset]
1855 798 2206 875 infinitum,
2258 799 2455 865 deum
2502 801 2711 867 voluit

408 920 559 975 esse,
588 899 677 964 de
714 900 856 984 ipsa
897 909 1118 965 mente
1161 902 1323 966 item
1369 901 1867 986 reprehenditur
1906 909 1984 966 ut
2022 902 2237 980 ceteri,
2266 902 2348 967 de
2385 903 2708 970 infinitate

407 1011 627 1067 autem
673 1003 1139 1083 vehementius,
1186 1005 1257 1069 in
1300 1026 1431 1090 qua
1479 1003 1650 1070 nihil
1696 1026 1909 1089 neque
1961 1006 2246 1070 sentiens
2296 1025 2508 1091 neque
2558 1028 2709 1072 con-

394 1094 703 1190 junctum
742 1114 958 1192 potest
995 1129 1149 1175 esse.
1237 1108 1411 1173 Nam
1445 1107 1864 1173 Parmenides
1895 1108 2154 1194 quidem
2187 1110 2707 1176 commenticium

405 1207 713 1291 quiddam
758 1231 1026 1275 coronae
1069 1210 1280 1277 simile
1323 1211 1520 1276 efficit
1566 1209 1924 1297 (στεφάνην
1971 1212 2286 1298 appellat)
2335 1213 2707 1279 continente

306 1344 383 1383 ιο
406 1313 629 1379 ardore
677 1314 838 1378 lucis
881 1313 1120 1393 orbem,
1165 1314 1279 1399 qui
1331 1315 1549 1400 cingat
1593 1314 1859 1394 caelum,
1902 1334 2099 1399 quem
2140 1314 2427 1400 appellat
2469 1315 2705 1395 deum;

405 1417 476 1481 in
518 1439 647 1502 quo
687 1439 899 1503 neque
940 1418 1214 1503 figuram
1258 1418 1548 1483 divinam
1586 1440 1800 1503 neque
1840 1440 2102 1483 sensum
2129 1418 2468 1504 quisquam
2499 1421 2704 1506 suspi-

406 1519 535 1583 cari
584 1528 811 1605 potest.
901 1521 1241 1607 Multaque
1293 1520 1584 1605 ejusdem
1634 1528 1937 1597 monstra,
1984 1521 2225 1607 quippe
2275 1522 2387 1608 qui
2437 1521 2702 1602 bellum,

405 1621 517 1706 qui
561 1621 957 1701 discordiam,
988 1623 1102 1708 qui
1145 1622 1572 1708 cupiditatem
1617 1631 1955 1707 ceteraque
1998 1622 2251 1708 generis
2293 1623 2582 1708 ejusdem
2621 1624 2705 1689 ad

407 1724 602 1789 deum
650 1733 925 1803 revocet,
974 1746 1141 1809 quae
1192 1725 1296 1789 vel
1354 1725 1581 1789 morbo
1631 1725 1735 1789 vel
1793 1744 2015 1788 somno
2065 1725 2169 1791 vel
2228 1725 2548 1791 oblivione
2597 1728 2706 1791 vel

308 1855 378 1916 15
408 1834 730 1892 vetustate
760 1826 1098 1907 delentur3
1149 1826 1502 1911 eademque
1531 1827 1615 1892 de
1645 1827 1978 1905 sideribus,
2007 1849 2173 1913 quae
2210 1827 2596 1912 reprehensa
2632 1828 2704 1893 in

406 1926 531 1992 alio
551 1926 693 2013 jam
722 1928 793 1991 in
813 1927 934 1992 hoc
956 1928 1358 1994 omittantur.
1447 1926 1606 1992 XII.
1657 1929 2080 2013 Empedocles
2099 1937 2320 1994 autem
2342 1929 2550 1995 multa
2577 1930 2704 1996 alia
2727 1944 2807 2003 29

353 2048 363 2054 ·
406 2052 672 2116 peccans
700 2031 770 2095 in
798 2031 1063 2096 deorum
1093 2032 1394 2117 opinione
1422 2031 1796 2116 turpissime
1825 2031 2080 2097 labitur.
2169 2032 2492 2113 Quattuor
2527 2033 2703 2098 enim

406 2145 685 2212 natura-133
734 2156 815 2198 ex
861 2134 1097 2220 quibus
1150 2134 1367 2200 omnia
1412 2144 1701 2199 constare
1754 2144 1990 2213 censet,
2036 2134 2287 2200 divinas
2338 2157 2475 2202 esse
2519 2136 2702 2215 vult3

408 2260 565 2323 quas
632 2245 701 2302 et
768 2237 943 2302 nasci
1010 2245 1079 2301 et
1147 2236 1442 2322 extingui
1511 2236 1920 2322 perspicuum
1985 2243 2086 2300 est
2141 2244 2211 2301 et
2268 2258 2458 2302 sensu
2525 2238 2703 2303 omni

304 2377 382 2416 20
407 2363 636 2406 carere.
725 2339 868 2405 Nec
914 2362 1065 2405 vero
1117 2339 1514 2426 Protagorae,
1562 2341 1676 2426 qui
1727 2360 1865 2404 sese
1914 2346 2112 2424 negat
2165 2339 2428 2405 omnino
2471 2339 2552 2408 de
2602 2340 2704 2407 dis

407 2444 641 2508 habere
699 2443 871 2528 quod
922 2443 1186 2528 liqueat,
1238 2443 1388 2521 sint,
1437 2464 1570 2507 non
1622 2443 1755 2507 sint
1805 2442 2107 2527 qualesve
2157 2443 2307 2518 sint,
2358 2443 2701 2528 quicquam

405 2544 662 2608 videtur
704 2545 783 2608 de
829 2553 1062 2608 natura
1105 2543 1370 2609 deorum
1414 2543 1739 2628 suspicari.
1828 2543 2048 2625 Quid?
2120 2541 2544 2622 Democritus,
2588 2543 2703 2628 qui

405 2659 549 2711 tum
600 2648 915 2732 imagines
965 2668 1315 2731 earumque
1368 2645 1675 2711 circuitus
1724 2645 1797 2710 in
1847 2646 2112 2711 deorum
2163 2668 2434 2711 numero
2483 2647 2699 2726 refert,

404 2757 549 2813 tum
607 2749 786 2826 illam
844 2758 1162 2826 naturam,
1223 2770 1390 2833 quae
1446 2747 1763 2833 imagines
1830 2748 2061 2812 fundat
2126 2769 2200 2812 ac
2258 2748 2498 2826 mittat,
2555 2755 2700 2811 tum

306 2879 336 2916 2
346 2876 377 2933 5
404 2852 741 2916 scientiam
784 2850 1426 2936 intellegentiamque
1469 2860 1776 2928 nostram,
1807 2871 2021 2914 nonne
2065 2849 2135 2913 in
2173 2849 2453 2914 maximo
2492 2870 2700 2914 errore

404 2959 738 3021 versatur?
770 2971 778 2980 ·
812 2954 980 3020 Cum
1037 2953 1212 3018 idem
1279 2952 1558 3030 omnino,
1604 2952 1759 3038 quia
1822 2951 1987 3015 nihil
2046 2973 2298 3036 semper
2354 2973 2470 3016 suo
2520 2959 2698 3016 statu

405 3069 680 3136 maneat,
726 3072 923 3144 neget
967 3081 1102 3124 esse
1147 3058 1495 3144 quicquam
1538 3057 2021 3142 sempiternum,
2068 3078 2281 3121 nonne
2325 3057 2522 3121 deum
2564 3079 2701 3122 om-

404 3163 560 3226 nino
617 3162 714 3226 ita
769 3160 960 3238 tollit,
1016 3170 1094 3226 ut
1150 3161 1400 3224 nullam
1460 3160 1830 3245 opinionem
1889 3159 2031 3245 ejus
2087 3159 2405 3244 reliquam
2458 3161 2701 3227 faciat?

407 3263 622 3343 Quid?
665 3269 791 3341 aer,
819 3284 948 3348 quo
978 3262 1303 3348 Diogenes
1331 3261 1782 3346 Apolloniates
1811 3262 2020 3326 utitur
2047 3260 2185 3338 dec,
2218 3283 2411 3346 quem
2440 3284 2701 3328 sensum

501 3440 532 3488 5
567 3440 848 3502 [praeterea
866 3437 1003 3501 quod
1019 3438 1176 3500 esset]
1198 3436 1296 3489 Ed.
1319 3451 1402 3487 see
1424 3436 1628 3487 Gomm.
1826 3436 1858 3486 6
1889 3436 2268 3498 reprehenditur
2288 3435 2517 3495 Em,
2535 3453 2698 3501 repre.

407 3519 638 3569 henderet
674 3520 821 3579 (corr.
860 3519 1262 3582 reprehenditur)
1294 3518 1355 3576 B,
1386 3518 1828 3580 reprehenderetur
1856 3517 2039 3578 Aona,
2071 3516 2450 3579 reprehendetur
2479 3518 2592 3569 Asc.
2602 3515 2698 3569 UH

405 3605 551 3662 (corr.
590 3600 1059 3662 reprehenderetur),
1088 3599 1527 3660 reprehendendus
1560 3605 1633 3647 eet
1665 3597 1818 3646 Klotz
1850 3598 1985 3646 Acin.
2026 3598 2111 3646 C'r.
2147 3611 2170 3645 1
2203 3596 2253 3657 4,
2285 3595 2505 3659 perhaps
2535 3613 2696 3662 repre·

407 3681 558 3730 hendi
573 3681 729 3729 debet.
859 3680 892 3728 8
914 3680 1305 3728 commenticium
1316 3677 1582 3727 AstNOV
1596 3688 1660 3738 ψ,
1680 3679 2042 3728 conventicium
2057 3677 2186 3728 an
2199 3689 2237 3732 -Ι-
2248 3715 2264 3729 .
2398 3679 2431 3730 9
2455 3680 2617 3729 simile
2630 3680 2697 3741 E,

401 3763 613 3811 similem
627 3760 840 3811 ABGBR
851 3769 893 3814 4·
907 3794 921 3817 ,
933 3761 1317 3809 similitudinem
1328 3759 1438 3818 PU,
1450 3760 1785 3809 similitudine
1800 3759 2124 3810 Anam-GV.
2222 3757 2468 3821 στεφάνην
2482 3759 2697 3821 Weder,

401 3841 640 3903 stephane
661 3838 924 3901 &nesam
945 3837 1271 3901 &musanen
1293 3837 1375 3896 Μ,
1390 3839 1662 3901 stephanen
1675 3837 1765 3886 ΕΡ
1779 3837 1915 3890 Mus.
2048 3840 2326 3888 continente
2348 3839 2526 3889 ardore
2546 3839 2695 3899 Dav‚,

402 3920 733 3968 continentem
752 3918 976 3967 ardorem
994 3931 1112 3980 uss,
1136 3920 1464 3967 continentem
1484 3918 1661 3966 ardore
1682 3917 1860 3966 Asc.v.
2000 3917 2064 3965 10
2094 3918 2265 3981 cingat
2284 3917 2509 3979 Ernesti,
2535 3920 2697 3980 cingit

405 4011 520 4050 uss.
737 3997 799 4047 12
831 3999 1050 4062 ejusdem
1074 4004 1295 4048 nwmtra
1328 4010 1442 4058 uss,
1466 3998 1684 4060 ejusdem
1712 3999 1848 4047 modi
1868 4005 2089 4048 monstra
2119 4002 2167 4048 Η
2196 3998 2280 4050 Or.
2308 3998 2403 4049 Ba.
2433 3998 2551 4049 Βοὴ.
2580 3999 2692 4051 Μιι.

404 4079 539 4128 after
569 4076 759 4127 Heind.
956 4077 1020 4126 14
1049 4085 1242 4129 revocet
1275 4076 1451 4140 Orelli,
1487 4084 1687 4129 revocat
1723 4091 1835 4130 uss,
2041 4079 2107 4126 23
2138 4093 2403 4142 earumque
2422 4079 2693 4140 Anam,

406 4172 665 4221 eorumque
687 4171 785 4208 uss
807 4157 1080 4221 generally.
1249 4159 1313 4208 25
1345 4160 1609 4209 scientiam
1628 4157 1928 4210 Aedem
1942 4169 2007 4220 -Ι-,
2034 4161 2332 4211 “nuntiam
2351 4159 2563 4215 21314,
