3150 4700
474 248 559 314 42
1238 256 1334 313 ns
1376 260 1663 315 NATURA
1704 263 2015 316 monuit.

469 414 800 492 praetereo
828 405 1340 477 Samothraciam
1369 429 1593 494 eaque,
1621 429 1788 494 quae
1817 407 2051 475 Lemni

961 548 1304 607 Nocturno
1338 550 1531 607 aditu
1566 552 1832 607 occulta
1866 553 2195 626 coluntur,

1031 636 1476 692 silvestribus
1510 635 1826 709 saepibus
1859 636 2079 693 densa.

469 765 720 849 Quibus
749 764 1086 855 explicatis
1114 767 1198 832 ad
1227 767 1677 855 rationemque
1704 768 2016 835 revocatis
2045 781 2267 836 rerum
2298 762 2506 859 magis
2542 774 2777 841 natura

465 870 868 957 cognoscitur
896 892 1093 957 quam
1119 870 1403 937 deorum.
2839 903 2872 963 5

324 976 440 1036 120
592 966 848 1040 XLIII.
936 970 1104 1038 Mihi
1133 972 1397 1059 quidem
1419 973 1628 1067 ,etiam
1659 973 2085 1054 Democritus
2113 975 2214 1041 vir
2241 988 2517 1063 magnus
2545 977 2616 1043 in
2642 976 2775 1065 pri-

462 1073 604 1153 miS,
659 1073 843 1161 cujus
899 1074 1187 1141 fontibus
1246 1074 1567 1161 Epicurus
1624 1076 1913 1142 hortulos
1971 1099 2119 1143 suos
2177 1074 2510 1164 irrigavit?
2541 1089 2772 1149 nutare

463 1177 720 1243 videtur
745 1177 817 1242 in
844 1185 1082 1243 natura
1111 1177 1396 1244 deorum.
1484 1177 1656 1242 Tum
1700 1179 1877 1245 enim
1920 1189 2139 1247 censet
2181 1180 2495 1269 imagines
2536 1184 2770 1251 divini·

459 1291 598 1349 tate
626 1282 950 1368 praeditas
984 1281 1193 1346 inesse
1222 1281 1291 1345 in
1321 1281 1744 1347 universitate
1787 1298 2021 1361 rerum,
2054 1292 2198 1349 tum
2241 1286 2558 1373 principia
2599 1311 2772 1354 men-

459 1388 562 1464 tis,
593 1407 758 1472 quae
789 1384 920 1450 sint
948 1383 1017 1448 in
1047 1383 1272 1449 eodem
1302 1384 1616 1462 universe,
1645 1382 1799 1450 deos
1838 1408 1975 1452 esse
2014 1386 2189 1467 dicit,
2222 1397 2366 1455 tum
2409 1391 2770 1458 animantes
2802 1422 2872 1462 10

459 1485 789 1573 imagines,
823 1507 990 1571 quae
1018 1485 1123 1549 vel
1153 1485 1449 1570 prodesse
1480 1486 1664 1551 nobis
1694 1486 1944 1553 soleant
1971 1490 2076 1554 vel
2105 1511 2347 1569 nocere,
2370 1499 2515 1557 tum
2544 1493 2769 1579 ingen-

457 1597 558 1656 tes
586 1590 898 1677 quasdam
939 1582 1253 1676 imagines
1296 1598 1663 1676 tantasque,
1695 1598 1772 1656 ut
1815 1593 2192 1663 universum
2233 1597 2578 1690 mundat}
2593 1621 2767 1666 com·

457 1693 824 1780 plectantur
866 1692 1296 1772 extrinsecus3
1342 1714 1509 1779 quae
1552 1693 1821 1781 quidem
1858 1696 2075 1762 omnia
2109 1705 2264 1763 sunt
2291 1700 2502 1785 patria
2527 1701 2767 1768 Demo-

318 1805 431 1864 121
459 1796 603 1861 criti
631 1818 828 1882 quam
857 1795 1227 1862 Democrito
1257 1796 1562 1882 digniora.
1655 1798 1816 1880 Quis
1847 1799 2022 1864 enim
2051 1800 2209 1866 istas
2251 1801 2568 1888 imagines
2597 1826 2766 1870 com-

457 1898 852 1986 prehendere
895 1899 1109 1964 animo
1152 1904 1417 1984 potest?
1463 1901 1608 1986 quis
1652 1900 1999 1967 admirari?
2058 1903 2203 1989 quis
2255 1913 2373 1970 aut
2422 1906 2603 1972 cultu
2649 1916 2766 1974 aut
2798 1938 2870 2003 15

455 2005 763 2091 religione
791 2004 1018 2090 dignas
1043 2004 1380 2091 judicare?
1467 2006 1786 2091 Epicurus
1828 2027 1980 2071 vero
2024 2028 2107 2072 ex
2150 2008 2384 2074 animis
2426 2010 2764 2078 hominum

455 2107 736 2174 extraxit
769 2107 1076 2173 radicitus
1115 2107 1510 2193 religionem,
1539 2131 1689 2173 cum
1733 2108 1833 2174 dis
1876 2108 2351 2177 immortalibus
2383 2120 2451 2178 et
2477 2135 2666 2199 opem
2695 2122 2764 2180 et

453 2212 729 2303 gratiam
786 2209 1067 2275 sustulit.
1169 2206 1338 2275 Cum
1397 2210 1570 2275 enim
1647 2212 1961 2298 optimam
2020 2219 2088 2279 et
2144 2215 2762 2299 praestantissimam

453 2324 751 2383 naturam
783 2314 888 2380 dei
917 2313 1090 2380 dicat
1125 2335 1278 2393 esse,
1305 2323 1503 2401 negat
1545 2313 1722 2381 idem
1763 2336 1903 2382 esse
1945 2315 2017 2381 in
2061 2317 2184 2383 deo
2228 2318 2548 2404 gratiam3
2589 2321 2763 2388 tollit

452 2419 539 2499 id,
598 2417 771 2505 quod
828 2417 1111 2483 maxime
1162 2418 1491 2503 proprium
1550 2426 1652 2484 est
1708 2418 1992 2505 optimae
2042 2421 2762 2510 praestantissimaeque
2791 2461 2870 2501 20

452 2528 739 2586 naturae.
828 2517 1002 2600 Quid
1037 2517 1213 2584 enim
1251 2520 1486 2585 melius
1529 2527 1646 2586 aut
1686 2520 1843 2606 quid
1885 2522 2317 2607 praestantius
2359 2522 2650 2590 bonitate
2694 2534 2764 2593 et

452 2617 925 2691 beneficentia?
1010 2623 1157 2702 Qua
1198 2646 1347 2689 cum
1391 2646 1604 2690 carere
1636 2623 1832 2688 deum
1860 2624 2078 2702 vultis,
2107 2624 2437 2691 neminem
2479 2626 2600 2692 deo
2641 2649 2762 2695 nec

453 2728 648 2792 deum
698 2748 816 2792 nec
863 2726 1194 2792 hominem
1245 2748 1481 2802 carum,
1531 2725 1861 2790 neminem
1915 2726 1998 2791 ab
2042 2747 2118 2792 eo
2169 2727 2388 2806 amari,
2431 2728 2759 2794 neminem

450 2830 633 2917 diligi
675 2830 890 2896 vultis,
977 2829 1087 2895 Ita
1129 2830 1222 2909 fit,
1258 2837 1335 2895 ut
1377 2851 1507 2895 non
1550 2828 1741 2894 modo
1785 2828 2083 2893 homines
2123 2851 2167 2894 a
2208 2829 2323 2908 dis,
2368 2830 2481 2896 sed
2523 2831 2648 2917 ipsi
2691 2831 2760 2897 di

450 2934 622 2999 inter
648 2955 717 2999 se
745 2932 828 2997 ab
856 2931 1000 2998 aliis
1028 2931 1140 2998 alii
1171 2933 1613 3019 neglegantur.
1701 2930 1934 2997 XLIV.
2000 2932 2260 3014 Quanto
2285 2932 2487 2998 Stoici
2510 2933 2757 3013 melius,
2788 2961 2820 3002 2
2827 2957 2862 3019 5

451 3036 564 3122 qui
593 3059 633 3102 a
660 3035 842 3101 vobis
869 3035 1462 3121 reprehenduntur!
1554 3033 1839 3100 Censent
1875 3041 2097 3099 autem
2139 3034 2463 3120 sapientes
2507 3036 2760 3123 sapien·

449 3140 625 3205 tibus
653 3138 851 3204 etiam
879 3137 1121 3224 ignotis
1164 3159 1302 3204 esse
1344 3137 1596 3203 amicos.
1686 3135 1874 3201 Nihil
1905 3144 2003 3202 est
2038 3136 2212 3201 enim
2243 3137 2485 3204 virtute
2514 3138 2759 3204 amabi-

448 3241 575 3308 lius
593 3266 610 3324 ;
652 3263 849 3328 quam
892 3237 1006 3327 qui
1050 3240 1325 3325 adeptus
1368 3239 1508 3319 erit,
1540 3239 1934 3326 ubicumque
1978 3239 2106 3304 erit
2147 3240 2459 3325 gentium,
2488 3262 2530 3306 a
2570 3242 2760 3308 nobis

310 3353 424 3414 122
451 3345 770 3432 diligetur.
860 3345 990 3409 Vos
1049 3352 1269 3408 autem
1320 3342 1479 3429 quid
1524 3342 1682 3406 mali
1733 3341 1919 3419 datis,
1973 3355 2122 3406 cum
2178 3342 2252 3407 in
2309 3342 2760 3412 imbecillitate

447 3445 983 3533 gratificationem
1030 3452 1098 3509 et
1139 3443 1658 3510 benevolentiam
1700 3443 1976 3529 ponitis!
2069 3439 2170 3510 Ut
2228 3444 2404 3510 enim
2455 3445 2754 3511 omittam
2781 3473 2863 3534 30

447 3548 580 3613 vim
611 3554 680 3613 et
707 3555 1007 3612 naturam
1037 3546 1322 3625 deorum,
1350 3567 1435 3611 ne
1464 3544 1760 3611 homines
1787 3546 2053 3631 quidem
2081 3546 2372 3626 censetis,
2401 3547 2528 3613 nisi
2548 3547 2756 3613 imbe-

543 3723 576 3775 9
597 3724 909 3786 mentisquae
922 3720 1127 3786 [13¹](of.
1137 3720 1391 3783 Augustin
1404 3723 1504 3785 Ep.
1514 3720 1631 3785 118)
1639 3719 1768 3771 Dav.
1778 3719 2172 3779 Heind.,me·ntes
2180 3736 2308 3785 quae
2316 3721 2666 3775 AB10EUo'r1
2678 3737 2721 3780 4-
2735 3761 2749 3786 ‚

445 3809 722 3866 mentesque
744 3817 872 3866 quae
895 3802 1011 3851 Asc.
1034 3801 1271 3852 mv
1291 3801 1457 3850 Allen.
1743 3800 1806 3849 10
1836 3802 1942 3850 sint
1962 3800 2076 3850 edd.
2098 3800 2230 3851 after
2251 3801 2459 3865 Heind„
2485 3811 2602 3852 nunt
2623 3818 2750 3856 uss.

449 3882 509 3931 11
542 3885 733 3932 soleant
754 3882 849 3932 EN
871 3882 929 3932 of
949 3882 1136 3943 Moser,
1162 3883 1321 3931 solent
1342 3881 1475 3931 ABO
1495 3875 1633 3930 lius.
1658 3877 1741 3929 111.
2025 3882 2086 3933 17
2119 3882 2199 3931 ‘dis
2222 3895 2340 3941 uss,
2361 3884 2422 3932 in
2440 3884 2520 3932 dis
2542 3883 2629 3934 Or.
2651 3884 2749 3935 Ba.

448 3965 511 4016 19
544 3965 683 4014 dicat
704 3977 816 4022 uss,
840 3965 968 4013 aicit
988 3962 1197 4014 Walker
1215 3961 1407 4012 Heind.
1624 3962 1690 4011 25
1721 3962 1786 4011 ab
1805 3961 1930 4012 aliis
1949 3963 2049 4012 alii
2071 3976 2176 4013 om.
2200 3962 2363 4013 Oobet
2388 3963 2447 4013 V.
2468 3966 2533 4014 L.
2555 3979 2608 4027 p.
2629 3965 2747 4016 461.

446 4046 511 4097 28
543 4047 749 4110 adeptus
771 4047 870 4096 erit
891 4055 987 4095 uss
1009 4044 1282 4108 generally,
1308 4045 1516 4107 adeptus
1530 4043 1698 4105 suern
1717 4041 1802 4091 El.
1826 4042 1948 4105 Reg.
1971 4043 2100 4092 Dav.
2312 4044 2378 4095 29
2408 4045 2468 4093 in
2486 4046 2747 4096 imbecilli·

448 4135 550 4177 tate
579 4126 781 4191 Lamb„
816 4128 1146 4178 inbecillitate
1176 4126 1224 4178 G
1255 4125 1471 4178 Moser’s
1499 4124 1623 4186 ml,
1654 4125 1989 4176 inbccillitate
2019 4124 2217 4189 ABUr,
2251 4127 2629 4178 inbecillitatem
2658 4128 2746 4178 GE

446 4209 585 4261 Mus.
