3150 4700
902 257 1031 307 Lm.
1078 257 1105 304 1
1149 256 1299 305 car.
1346 254 1689 304 x1v—xv1
1734 239 1813 325 ἓξ
1857 242 2134 306 36—42.
2585 240 2667 302 15

360 398 691 488 interpres,
721 422 1026 487 magnam
1066 399 1326 465 turbam
1367 406 1715 485 congregat
1750 398 2119 484 ignotorum
2157 396 2440 473 deorum,
2469 406 2667 483 atque

359 500 460 567 ita
494 502 876 588 ignotorum,
905 509 985 568 ut
1022 523 1131 568 eos
1158 523 1242 566 ne
1270 501 1639 587 conjectura
1664 500 1931 585 quidem
1959 499 2300 565 informare
2329 500 2667 585 possimus,

359 625 510 669 cum
552 626 736 671 mens
776 613 995 671 nostra
1031 604 1287 690 quidvis
1330 603 1629 669 videatur
1665 603 2055 689 cogitatione
2089 625 2272 690 posse
2302 602 2664 688 depingere.

361 705 482 771 Ait
509 707 683 772 enim
722 707 858 772 vim
896 707 1184 772 divinam
1227 706 1299 772 in
1340 706 1591 771 ratione
1633 727 1770 772 esse
1814 706 2091 792 positam
2131 714 2200 770 et
2234 705 2305 771 in
2330 707 2667 771 universae

299 820 333 878 5
363 819 631 875 naturae
680 811 898 877 animo
945 820 1145 896 atque
1194 817 1432 887 mente,
1482 809 1827 896 ipsumque
1883 809 2203 875 mundum
2254 809 2450 874 deum
2508 809 2669 875 dicit

361 932 500 975 esse
538 920 608 977 et
644 911 787 997 ejus
823 911 1027 977 animi
1064 912 1382 976 fusionem
1420 910 1805 988 universam,
1832 916 1976 974 tum
2015 909 2156 994 ejus
2193 908 2394 994 ipsius
2430 908 2669 994 princi-

361 1023 610 1101 patum,
642 1017 755 1100 qui
785 1016 851 1080 in
893 1024 1114 1081 mente
1156 1023 1226 1080 et
1264 1014 1511 1080 ratione
1540 1021 1850 1091 versetur,
1877 1034 2410 1097 communemque
2451 1035 2667 1078 rerum

362 1126 660 1183 naturam
688 1118 1306 1204 universitatemque
1334 1117 1552 1182 omnia
1581 1116 2039 1193 continentem,
2069 1125 2213 1181 tum
2241 1117 2501 1181 fatalem
2532 1118 2666 1181 vim
2772 1203 2782 1214 ⁸

361 1229 434 1287 et
460 1223 908 1288 necessitatem
934 1244 1150 1287 rerum
1176 1222 1557 1298 futurarum,
1580 1220 1798 1305 ignem
1828 1228 2159 1305 praeterea
2186 1229 2254 1286 et
2283 1242 2451 1299 eum,
2471 1242 2666 1306 quem

262 1344 338 1385 10
364 1330 517 1388 ante
545 1323 698 1401 dixi,
729 1323 1007 1400 aethera,
1036 1331 1180 1387 tum
1209 1345 1303 1399 ea,
1325 1343 1491 1406 quae
1520 1330 1754 1386 natura
1780 1322 2056 1386 fluerent
2083 1330 2279 1405 atque
2307 1330 2665 1402 manarent,

363 1436 442 1493 ut
483 1436 552 1493 et
595 1450 829 1513 aquam
873 1436 943 1494 et
979 1436 1216 1493 terram
1251 1436 1320 1493 et
1359 1434 1550 1506 aera;
1595 1426 1813 1503 solem,
1849 1428 2087 1504 lunam,
2118 1427 2327 1492 sidera
2353 1426 2665 1491 universi·

362 1538 694 1616 tatemque
728 1553 959 1609 rerum,
990 1553 1120 1616 qua
1147 1530 1366 1595 omnia
1393 1530 1896 1608 continerentur,
1920 1538 2117 1615 atque
2147 1531 2346 1596 etiam
2373 1529 2666 1595 homines

364 1654 488 1711 eos,
537 1635 652 1720 qui
708 1633 1263 1700 immortalitatem
1320 1641 1533 1699 essent
1589 1632 1929 1701 consecuti.
2015 1634 2329 1719 Idemque
2379 1634 2668 1719 disputat
2688 1638 2768 1698 40

247 1764 291 1789 κ
361 1735 626 1802 aethera
673 1757 810 1801 esse
860 1757 1028 1813 eum,
1078 1757 1273 1820 quem
1333 1735 1626 1801 homines
1675 1736 1720 1801 J
1726 1757 1908 1800 ovem
1961 1736 2376 1821 appellarent,
2425 1736 2666 1822 quique

266 1868 337 1928 15
364 1845 475 1904 aer
515 1860 631 1925 per
678 1839 883 1903 maria
932 1832 1239 1916 manaret,
1282 1860 1434 1903 eum
1486 1860 1625 1902 esse
1667 1837 2070 1923 Neptunum,
2113 1847 2476 1923 terramque
2520 1862 2665 1903 eam

365 1963 504 2008 esse
544 1962 713 2027 quae
757 1941 953 2007 Ceres
995 1941 1332 2019 diceretur,
1377 1940 1700 2026 similique
1743 1943 1992 2006 ratione
2036 1941 2443 2028 persequitur
2482 1965 2665 2008 voca-

363 2047 520 2113 bula
557 2046 950 2132 reliquorum
994 2045 1277 2110 deorum.
1365 2046 1681 2130 Idemque
1732 2045 1932 2110 etiam
1985 2045 2144 2130 legis
2193 2054 2545 2131 perpetuae
2598 2055 2666 2110 et

364 2156 662 2213 aeternae
701 2147 851 2224 vim,
881 2168 1047 2233 quae
1087 2147 1270 2233 quasi
1314 2147 1446 2211 dux
1486 2147 1662 2225 vitae,
1703 2156 1774 2212 et
1816 2147 2124 2231 magistra
2166 2149 2514 2213 officiorum
2558 2148 2665 2222 sit,

363 2251 413 2317 J
412 2273 597 2317 ovem
647 2250 808 2315 dicit
851 2270 1004 2328 esse,
1065 2250 1468 2335 eandemque
1526 2250 1793 2314 fatalem
1849 2250 2300 2315 necessitatem
2358 2251 2664 2336 appellat,

263 2380 341 2420 20
366 2355 823 2440 sempiternam
873 2375 1088 2419 rerum
1140 2355 1505 2422 futurarum
1555 2356 1937 2435 veritatem;
1993 2378 2268 2441 quorum
2318 2357 2484 2424 nihil
2534 2357 2665 2422 tale

362 2465 483 2534 est,
534 2466 612 2523 ut
654 2459 726 2523 in
768 2479 845 2524 eo
881 2458 981 2522 vis
1022 2457 1243 2523 divina
1285 2458 1494 2524 inesse
1537 2458 1848 2523 videatur.
1955 2460 2045 2524 Et
2089 2459 2249 2525 haec
2285 2460 2550 2544 quidem
2595 2460 2664 2525 in
2690 2468 2767 2526 41

362 2559 573 2644 primo
610 2559 774 2624 libro
811 2559 894 2625 de
931 2569 1165 2624 natura
1205 2559 1508 2639 deorum;
1557 2560 1629 2623 in
1668 2560 1948 2624 secundo
1976 2569 2198 2625 autem
2225 2561 2370 2626 vult
2400 2560 2666 2646 Orphei,

365 2665 633 2743 Musaei,
654 2665 934 2731 ‘Hesiodi
978 2664 1375 2750 Homerique
1419 2665 1690 2730 fabellas
1732 2665 2211 2731 accommodare
2253 2664 2337 2730 ad
2379 2688 2472 2742 ea,
2501 2687 2667 2752 quae

364 2770 502 2855 ipse
538 2768 746 2854 primo
779 2767 941 2833 libro
969 2768 1052 2832 de
1080 2767 1180 2832 dis
1208 2768 1681 2833 immortalibus
1708 2768 1977 2844 dixerat,
2008 2776 2087 2833 ut
2115 2768 2312 2833 etiam
2341 2768 2667 2833 veterrimi

263 2905 295 2944 2
304 2903 336 2963 5
364 2878 608 2957 poe’tae,
653 2870 768 2957 qui
817 2869 975 2934 haec
1024 2891 1107 2934 ne
1154 2870 1459 2954 suspicati
1501 2871 1767 2954 quidem
1811 2871 1961 2948 sint,
2006 2870 2208 2936 Stoici
2250 2870 2446 2934 fuisse
2488 2871 2668 2934 vide-

363 2982 572 3040 antur.
661 2973 872 3053 Quem
903 2971 1227 3057 Diogenes
1256 2972 1650 3057 Babylonius
1689 2994 2083 3059 consequens
2121 2973 2190 3037 in
2230 2995 2306 3038 eo
2345 2973 2524 3050 libro,
2553 2974 2668 3059 qui

362 3075 732 3141 inscribitur
784 3074 869 3139 de
927 3073 1236 3151 Minerva,
1292 3082 1555 3159 partum
1610 3074 1660 3140 ,J
1661 3075 1797 3140 ovis
1860 3085 2202 3159 ortumque
2259 3074 2527 3160 virginis
2582 3074 2666 3139 ad

362 3176 826 3263 physiologiam
854 3174 1198 3240 traducens
1224 3174 1538 3261 disjungit
1565 3198 1607 3240 a
1632 3175 1869 3243 fabula.

491 3278 673 3346 XVI.
757 3276 1046 3362 Exposui
1095 3277 1230 3342 fere
1279 3299 1409 3341 non
1459 3277 1983 3363 philosophorum
2032 3277 2296 3365 judicia,
2345 3277 2460 3343 sed
2509 3276 2667 3342 deli-
2690 3285 2770 3345 42

258 3414 340 3472 30
363 3382 649 3448 rantium
700 3380 965 3447 somnia.
1053 3380 1195 3444 Nec
1245 3381 1422 3445 enim
1472 3381 1683 3445 multo
1735 3381 2107 3447 absurdiora
2154 3392 2308 3448 sunt
2357 3404 2451 3460 ea,
2502 3405 2669 3469 quae

361 3492 699 3570 poetarum
735 3482 1001 3548 vocibus
1037 3483 1184 3548 fusa
1218 3483 1361 3567 ipsa
1399 3482 1720 3548 suavitate
1762 3492 2139 3562 nocuerunt,
2168 3484 2282 3571 qui
2323 3493 2394 3550 et
2431 3484 2528 3550 ira
2570 3485 2670 3549 in-

361 3587 723 3650 flammatos
755 3590 825 3649 et
861 3582 1134 3648 libidine
1172 3583 1463 3648 furentes
1491 3584 1891 3650 induxerunt
1933 3584 2085 3650 deos
2127 3586 2561 3672 feceruntque,
2589 3595 2668 3651 ut

360 3707 584 3754 eorum
623 3685 810 3764 bella,
837 3684 1093 3773 proelia,
1123 3706 1392 3769 pugnas,
1421 3684 1691 3750 vulnera
1717 3685 2098 3764 videremus,
2127 3688 2275 3768 odia
2316 3697 2663 3774 praeterea,

457 3851 491 3900 8
521 3850 999 3912 universitatemque
1020 3846 1133 3899 edd.
1171 3846 1303 3896 after
1331 3845 1543 3905 Heind„
1569 3850 1858 3898 universam
1878 3854 2030 3911 atque
2050 3861 2166 3899 uss.
2301 3850 2406 3899 vim
2425 3848 2507 3900 El.
2537 3848 2656 3901 Βοὴ.

360 3927 489 3991 Mu„
513 3930 738 3979 umbram
759 3942 860 3978 uss
880 3941 966 3978 see
987 3928 1205 3985 Gomm„
1226 3926 1490 3982 †umbram
1512 3927 1617 3989 Or„
1638 3943 1861 3978 normam
1879 3928 1974 3977 Ba.
1993 3927 2124 3978 after
2145 3926 2315 3979 Madv.
2452 3930 2514 3980 19
2545 3943 2659 3978 ean-

359 4011 566 4075 demque
588 4025 674 4060 see
695 4010 900 4060 comm.
1092 4009 1158 4058 24
1191 4010 1394 4059 dixerat
1414 4009 1577 4059 Uno
1593 4009 1722 4058 Ern-
1737 4007 1928 4058 Heind.
1949 4009 2070 4059 Sch.
2087 4010 2181 4060 Ba.
2199 4009 2307 4060 Mu.
2320 4045 2332 4068 ,
2351 4010 2538 4058 dixerit
2559 4023 2658 4059 uss

359 4090 618 4155 generally
641 4091 729 4141 Or.
903 4090 967 4140 25
998 4093 1102 4140 siut
1136 4103 1253 4150 uss,
1274 4097 1393 4140 sunt
1413 4093 1474 4140 01
1491 4091 1578 4141 Or.
1601 4090 1693 4142 Ba.
1723 4089 1842 4141 Sch.
1870 4090 2003 4140 aster
2023 4091 2148 4142 Ern.
2300 4092 2366 4142 27
2389 4098 2658 4153 partum-

356 4181 615 4237 urnamque
647 4172 865 4236 [Bm-1,
890 4179 1321 4236 partu—ortuque
1354 4172 1648 4225 AGPsx4.
1842 4173 1907 4222 28
1939 4173 2187 4235 disjungit
2207 4173 2320 4224 Asc.
2347 4178 2406 4232 V,
2430 4174 2656 4237 dejunqit

358 4268 459 4305 uss
478 4253 738 4317 generally
757 4252 844 4305 Or.
870 4252 964 4304 Ba.
987 4251 1126 4312 sch„
1147 4254 1371 4316 αϋαηρίε
1393 4252 1502 4303 Mu.
1525 4253 1658 4305 after
1677 4251 1869 4304 Heind.
1893 4253 1997 4305 and
2017 4254 2146 4304 Ern.
2435 4271 2444 4280 ·

3122 2407 3150 2710 „r·¹.'··..'*···'‘.r
3125 2266 3150 2339 .‘·„·
3128 2094 3150 2181 9··
3131 2036 3136 2047 ·
