3150 4700
915 263 1049 312 Lm.
1098 263 1123 309 1
1170 260 1314 313 cAP.
1364 260 1692 310 x11—x1v
1734 244 1810 330 ἐξ
1855 246 2126 311 29-36.
2590 242 2673 306 13

368 407 543 473 idem
591 407 733 473 vult
782 428 920 473 esse
978 407 1192 484 deum,
1245 406 1423 470 omni
1478 405 1669 470 illum
1726 427 1918 471 sensu
1974 402 2208 491 privat,
2261 403 2464 468 etiam
2518 424 2674 489 pru-

366 512 608 578 dentia.
695 512 842 593 Quo
880 533 1073 597 porro
1113 509 1308 576 modo
1347 510 1501 577 dem
1535 509 1785 575 moveri
1823 530 2045 574 carens
2081 528 2343 593 corpore
2384 511 2501 570 aut
2543 526 2673 589 quo

326 668 335 679 .
367 613 562 679 modo
600 634 854 699 semper
891 634 962 679 se
1003 634 1269 677 movens
1313 633 1453 677 esse
1490 611 1752 697 quietus
1792 619 1863 676 et
1905 611 2137 676 beatus
2181 611 2442 696 potest?
2529 607 2671 671 Nec
2695 615 2775 677 34

367 737 520 781 vero
566 715 708 801 ejus
757 714 1233 800 condiscipulus
1279 713 1676 779 Xenocrates
1722 713 1794 777 in
1832 712 1953 778 hoc
1994 732 2232 797 genere
2277 709 2672 797 prudentior,

308 842 343 903 5
370 819 555 905 cujus
583 820 656 884 in
685 819 885 897 libris,
917 819 1031 904 qui
1062 825 1219 883 sunt
1251 816 1332 882 de
1370 825 1611 881 natura
1647 815 1930 893 deorum,
1959 814 2141 879 nulla
2176 812 2420 899 species
2453 810 2676 875 divina

366 920 788 1002 describitur3
820 920 974 985 deos
1002 921 1179 986 enim
1207 928 1351 985 octo
1381 941 1519 984 esse
1549 918 1724 997 dicit,
1757 918 2043 1005 quinque
2072 939 2198 996 eos,
2229 917 2345 1005 qui
2372 916 2443 980 in
2471 915 2674 982 stellis

367 1025 550 1110 vagis
586 1024 1025 1103 nominantur,
1054 1046 1280 1103 unum,
1310 1024 1427 1110 qui
1462 1046 1547 1089 ex
1580 1023 1882 1089 omnibus
1909 1023 2245 1099 sideribus,
2275 1044 2444 1110 quae
2473 1020 2677 1087 infixa

366 1126 546 1191 caelo
588 1135 763 1206 sunt,
808 1149 890 1191 ex
934 1127 1235 1213 dispersis
1294 1127 1480 1213 quasi
1537 1126 1843 1192 membris
1886 1126 2161 1212 simplex
2203 1128 2290 1193 sit
2345 1129 2675 1215 putandus

366 1228 548 1306 deus,
592 1229 944 1314 septimum
986 1229 1187 1294 solem
1232 1229 1532 1315 adjungit
1587 1238 2014 1315 octavamque
2071 1231 2329 1312 lunam3
2385 1231 2502 1317 qui
2542 1252 2674 1317 quo

272 1360 347 1400 ιο
371 1352 559 1398 sensu
588 1333 766 1398 beati
789 1354 925 1398 esse
954 1333 1219 1418 possint,
1244 1332 1535 1418 intellegi
1557 1354 1689 1397 non
1716 1341 1945 1418 potest.
2013 1333 2113 1398 Ex
2137 1336 2363 1399 eadem
2384 1333 2676 1400 Platonis

364 1434 590 1500 schola
625 1434 933 1500 Ponticus
972 1434 1352 1500 Heraclides
1393 1435 1751 1519 puerilibus
1789 1435 2028 1500 fabulis
2065 1437 2318 1502 refersit
2350 1427 2564 1516 libros,
2605 1446 2676 1503 et

369 1536 563 1602 modo
603 1537 942 1615 mundum,
988 1543 1135 1601 tum
1180 1544 1469 1602 mentem
1513 1536 1805 1602 divinam
1855 1559 1994 1603 esse
2050 1548 2262 1625 putat,
2312 1541 2675 1607 errantibus

368 1637 573 1702 etiam
610 1637 820 1703 stellis
855 1637 1272 1703 divinitatem
1310 1638 1563 1719 tribuit,
1593 1661 1916 1725 sensuque
1949 1640 2148 1705 deum
2181 1643 2396 1727 privat
2425 1649 2499 1708 et
2533 1644 2675 1730 ejus

368 1739 642 1803 formam
682 1739 1070 1805 mutabilem
1107 1762 1246 1805 esse
1286 1741 1432 1807 vult
1466 1741 1823 1828 eodemque
1859 1742 1931 1806 in
1974 1742 2140 1810 libro
2176 1766 2396 1810 rursus
2435 1753 2672 1812 terram

272 1871 346 1933 15
373 1850 443 1907 et
482 1844 737 1908 caelum
778 1845 978 1908 refert
1020 1844 1092 1909 in
1135 1844 1304 1910 deos.
1390 1845 1535 1910 Nec
1578 1867 1728 1910 vero
1772 1846 2200 1931 Theophrasti
2242 1848 2675 1914 inconstantia
2695 1860 2773 1921 35

371 1947 638 2015 ferenda
678 1955 815 2028 est3
876 1946 1070 2012 modo
1111 1948 1289 2012 enim
1333 1949 1542 2013 menti
1593 1948 1892 2014 divinum
1942 1950 2176 2015 tribuit
2220 1950 2674 2037 principatum,

368 2047 564 2114 modo
604 2047 801 2126 caelo,
843 2056 990 2113 tum
1033 2057 1256 2113 autem
1299 2049 1502 2135 signis
1545 2047 1995 2137 sideribusque
2040 2051 2442 2118 caelestibus.
2530 2052 2676 2118 Nec

368 2153 729 2219 audiendus
771 2153 911 2241 ejus
953 2154 1210 2219 auditor
1252 2154 1490 2233 Strato,
1534 2155 1593 2218 is
1635 2155 1751 2241 qui
1795 2156 2096 2242 physicus
2137 2156 2514 2242 appellatur,
2558 2157 2675 2243 qui

371 2280 629 2324 omnem
658 2260 792 2324 vim
838 2258 1127 2324 divinam
1166 2260 1237 2323 in
1281 2268 1515 2325 natura
1557 2261 1753 2326 sitam
1796 2282 1934 2326 esse
1977 2270 2213 2337 censet,
2244 2283 2411 2349 quae
2453 2283 2676 2328 causas

271 2397 348 2439 20
370 2364 696 2450 gignendi,
724 2364 1026 2450 augendi,
1064 2365 1400 2430 minuendi
1442 2365 1699 2443 habeat,
1743 2366 1855 2431 sed
1897 2374 2113 2432 careat
2155 2367 2332 2431 omni
2373 2388 2563 2432 sensu
2604 2374 2675 2432 et

369 2469 594 2555 figura.
681 2468 861 2534 XIV.
922 2467 1102 2533 Zeno
1136 2476 1375 2549 autem,
1415 2477 1495 2534 ut
1526 2469 1668 2555 jam
1712 2468 1796 2534 ad
1837 2477 2097 2548 vestros,
2141 2471 2361 2549 Balbe,
2397 2471 2673 2552 veniam,
2696 2485 2773 2545 36

370 2572 733 2638 naturalem
760 2572 971 2657 legem
1000 2572 1288 2636 divinam
1315 2594 1452 2637 esse
1482 2582 1718 2648 censet,
1738 2594 2012 2659 eamque
2033 2574 2166 2640 vim
2187 2571 2479 2642 obtinere
2499 2584 2675 2641 recta

371 2674 797 2761 imperantem
826 2674 1407 2760 prohibentemque
1432 2676 1770 2742 contraria.
1857 2676 2070 2756 Quam
2098 2678 2306 2762 legem
2328 2699 2458 2765 quo
2484 2679 2676 2745 modo

368 2775 608 2842 efficiat
636 2777 1053 2855 animantem,
1083 2775 1460 2862 intellegere
1488 2798 1620 2841 non
1648 2798 2021 2862 possumus3
2063 2778 2257 2843 deum
2285 2787 2507 2843 autem
2535 2778 2675 2844 ani-

271 2907 306 2947 2
312 2902 345 2964 5
372 2885 662 2943 mantem
705 2886 877 2943 certe
914 2877 1212 2943 volumus
1252 2898 1409 2943 esse.
1503 2878 1721 2963 Atque
1750 2877 1858 2943 hic
1885 2877 2060 2943 idem
2089 2878 2217 2943 alio
2246 2880 2382 2944 loco
2411 2880 2675 2946 aethera

370 2979 571 3045 deum
608 2979 782 3057 dicit,
811 2978 867 3044 si
893 2979 1188 3065 intellegi
1216 2986 1433 3065 potest
1459 2979 1628 3044 nihil
1656 2981 1943 3047 sentiens
1970 2981 2145 3058 deus,
2175 2982 2289 3067 qui
2315 3004 2673 3069 numquam

372 3081 559 3147 nobis
609 3081 883 3147 occurrit
938 3102 1149 3167 neque
1207 3081 1279 3145 in
1334 3081 1629 3167 precibus
1671 3105 1886 3168 neque
1936 3084 2009 3147 in
2056 3084 2296 3169 optatis
2344 3106 2557 3170 neque
2602 3085 2672 3149 in

370 3183 579 3265 votis3
615 3183 762 3249 aliis
789 3191 1011 3249 autem
1033 3183 1216 3248 libris
1238 3184 1559 3249 rationem
1581 3186 1911 3270 quandam
1937 3207 2056 3271 per
2083 3207 2344 3251 omnem
2371 3194 2671 3251 naturam

469 3356 502 3405 2
532 3356 674 3406 modo
689 3356 810 3406 deun
824 3357 1010 3406 moveri
1026 3355 1133 3407 Mu.
1154 3354 1287 3405 after
1305 3355 1516 3417 Schiitz,
1538 3355 1679 3405 modo
1695 3356 1907 3405 mundus
1922 3357 2109 3406 moveri
2124 3368 2224 3406 uss
2240 3354 2513 3419 generally,
2526 3358 2669 3408 mdo

369 3439 582 3489 mnam
603 3441 787 3488 moveri
800 3445 984 3502 potest,
1003 3438 1087 3487 El.
1103 3437 1202 3487 GU
1216 3448 1256 3492 ÷
1269 3474 1284 3499 ,
1305 3439 1446 3487 modo
1467 3439 1654 3486 nwveri
1671 3436 1756 3487 Or.
1785 3436 1879 3487 Ba.
1902 3437 2034 3486 after
2053 3435 2261 3495 Heind„
2275 3438 2416 3487 modo
2436 3440 2672 3502 mudum
2757 3463 2768 3476 ο

368 3532 560 3568 movere
593 3517 713 3569 Sch.
751 3517 885 3568 after
910 3517 1143 3568 Ernesti.
1388 3517 1423 3565 4
1448 3518 1752 3579 prudentior
1787 3517 2068 3571 BE÷Sch.
2108 3517 2240 3577 Mu„
2265 3518 2565 3580 prudentior
2597 3526 2671 3569 est

370 3598 564 3650 Mon
581 3600 666 3652 Or.
690 3599 783 3650 Ba.
935 3598 968 3649 5
1002 3601 1063 3648 de
1082 3605 1271 3649 natura
1292 3596 1561 3661 [BJUcv-n-
1575 3599 1662 3656 ‚in
1676 3605 1867 3648 natura
1882 3597 2156 3648 ACEPsx.
2285 3599 2316 3648 7
2347 3602 2672 3650 nominamur

368 3697 489 3744 uss,
508 3689 766 3734 moventur
784 3681 920 3745 conj.
949 3681 998 3732 J.
1028 3680 1081 3731 Β.
1109 3680 1253 3732 Reid.
1452 3681 1486 3729 8
1518 3681 1658 3730 caelo
1677 3686 1797 3729 sunt
1816 3680 1862 3728 E
1885 3680 2002 3731 Asc.
2019 3692 2091 3740 ψ,
2113 3681 2251 3731 caelo
2271 3682 2378 3730 sint
2398 3694 2498 3732 uss
2518 3696 2669 3744 gene-

367 3764 518 3827 rally.
800 3763 860 3811 11
909 3768 963 3812 et
990 3762 1132 3812 niodo
1166 3763 1402 3811 nuendum
1434 3760 1592 3811 HerV.
1637 3759 1757 3811 Βοὴ.
1800 3761 1934 3821 Mu„
1970 3769 2022 3811 et
2056 3769 2222 3812 tamen
2255 3763 2398 3811 modo
2431 3764 2670 3814 mundum

368 3847 641 3902 ABOP1÷
655 3881 671 3906 ,
693 3853 744 3896 et
764 3852 870 3895 tum
887 3846 1031 3894 modo
1050 3845 1286 3894 mundum
1304 3842 1469 3922 must.
1492 3844 1661 3894 EBGV
1671 3854 1712 3897 -ι-
1727 3879 1741 3902 ,
1760 3851 1808 3893 et
1830 3851 1936 3893 tum
1954 3846 2193 3894 mundum
2214 3842 2272 3893 Μ
2291 3843 2349 3893 of
2369 3844 2555 3907 Moser,
2575 3844 2661 3898 Or.

368 3927 488 3988 Ba„
510 3934 562 3976 et
583 3927 729 3975 deum
755 3924 897 3975 modo
923 3925 1161 3973 mudum
1186 3921 1338 3984 Davss,
1365 3924 1506 3973 modo
1534 3924 1771 3972 mundum
1797 3924 1944 3973 deum
1963 3922 2186 3985 Walker,
2212 3924 2334 3974 dum
2358 3925 2499 3973 modo
2526 3940 2666 3975 mun·

371 4009 489 4057 dum
507 4005 698 4058 Heind.
833 4005 900 4054 20
927 4006 1188 4055 minuendi
1208 4004 1419 4064 XBK÷,
1443 4004 1703 4054 minuendi
1723 4004 2025 4054 immittendi
2052 4003 2158 4066 El„
2194 4005 2315 4054 min.
2343 4004 2669 4055 immittendi·

370 4105 469 4154 que
492 4091 612 4142 Aac.
649 4093 774 4151 v÷,
815 4090 939 4139 min.
968 4088 1365 4150 inmutandique
1399 4085 1556 4138 Herv,
1598 4086 1723 4138 Dav·
1764 4085 1955 4136 Heind.
2156 4087 2219 4134 23
2243 4087 2584 4149 prohibentem
2618 4087 2664 4135 E

372 4171 494 4224 soh.
694 4172 759 4220 28
790 4185 977 4222 omnem
997 4169 1045 4220 G
1066 4169 1193 4221 Bed.
1216 4169 1394 4228 Asc.v,
1414 4170 1632 4219 omnium
1656 4182 1756 4219 uss
1777 4168 2052 4232 generally,
2082 4181 2165 4219 we
2185 4170 2213 4232 ς
2235 4170 2314 4220 27.

3124 2403 3150 2682 respo-*20
3124 2260 3150 2335 ¹1-
3125 2066 3140 2179 ιι...
