3150 4700
825 278 958 330 Lm.
999 272 1035 327 1
1072 275 1217 329 cAP.
1263 275 1673 325 xm-—xnv
1715 260 1796 347 ἓξ
1840 261 2204 326 119—124.
2581 260 2667 326 43

364 426 496 492 cilli
547 432 775 505 essent,
821 424 1072 489 futuros
1121 420 1439 487 beneficos
1488 427 1559 486 et
1608 420 1919 506 benignos
1975 419 2219 488 fuisse?
2308 421 2514 488 Nulla
2569 431 2669 488 est

366 529 596 595 caritas
652 527 967 593 naturalis
1022 525 1193 590 inter
1249 525 1491 589 bonos?
1610 523 1881 589 Carum
1938 522 2152 609 ipsum
2224 523 2495 590 verbum
2568 531 2669 590 est

365 631 618 711 amoris,
643 652 726 696 ex
754 652 882 716 quo
908 627 1230 694 amicitiae
1264 647 1502 691 nomen
1541 633 1642 691 est
1682 624 1989 708 ductum3
2033 647 2229 712 quam
2273 626 2330 693 si
2372 627 2457 693 ad
2499 627 2669 692 fruc·

365 742 511 800 tum
538 742 831 799 nostrum
858 731 1222 807 referemuS,
1248 751 1379 795 non
1405 728 1489 793 ad
1519 728 1694 793 illius
1715 728 2066 806 commoda,
2090 749 2287 815 quem
2306 728 2666 816 diligemus,

301 851 335 913 5
366 858 496 901 non
524 835 649 901 erit
675 835 801 900 ista
821 833 1120 910 amicitia,
1138 830 1252 896 sed
1273 837 1635 896 mercatura
1659 829 1976 915 quaedam
1998 830 2363 896 utilitatum
2386 853 2666 900 suarum.

364 939 561 1005 Prata
610 946 679 1005 et
722 960 876 1003 arva
921 944 991 1002 et
1033 934 1356 1022 pecudum
1398 955 1624 1020 greges
1668 933 2030 1019 diliguntur
2069 933 2195 1000 isto
2236 934 2447 1017 modo,
2493 938 2667 1023 quod

360 1043 607 1128 fructus
642 1066 725 1109 ex
766 1042 846 1107 iis
888 1040 1270 1127 capiuntur3
1314 1039 1656 1104 hominum
1684 1039 1916 1104 caritas
1945 1045 2015 1104 et
2051 1038 2340 1105 amicitia
2378 1043 2668 1126 gratuita

362 1153 479 1213 est.
566 1145 828 1227 Quanto
871 1125 1073 1229 igitur
1100 1141 1306 1228 magis
1335 1140 1621 1220 deorum,
1650 1141 1765 1227 qui
1796 1139 1977 1205 nulla
2003 1162 2073 1206 re
2103 1150 2369 1228 egentes
2397 1150 2467 1209 et
2493 1144 2665 1211 inter

361 1271 432 1316 se
482 1248 762 1335 diligunt
812 1257 882 1314 et
929 1247 1299 1313 hominibus
1348 1245 1731 1312 consulunt!
1818 1244 2009 1327 Quod
2064 1245 2136 1310 ni
2194 1246 2292 1312 ita
2345 1247 2450 1327 sit,
2505 1249 2666 1336 quid

262 1373 336 1413 10
361 1373 760 1432 veneramur,
782 1349 942 1437 quid
970 1371 1307 1436 precamur
1335 1349 1531 1414 deos?
1574 1370 1689 1413 cur
1717 1348 1909 1414 sacris
1938 1349 2288 1433 pontifices,
2313 1372 2427 1417 cur
2447 1354 2666 1440 auspi-

360 1455 478 1521 ciis
505 1476 780 1541 augures
806 1454 1155 1539 praesunt?
1199 1450 1359 1538 quid
1388 1458 1688 1538 optamus
1725 1471 1769 1514 a
1804 1449 1905 1516 dis
1946 1450 2463 1519 immortalibus?
2505 1454 2665 1541 quid

360 1578 666 1623 vovemus
684 1559 711 1622 2

490 1659 590 1725 At
646 1659 845 1725 etiam
902 1659 1067 1725 liber
1122 1665 1223 1724 est
1279 1656 1544 1744 Epicuri
1601 1656 1685 1722 de
1742 1656 2102 1724 sanctitate.
2207 1656 2524 1733 Ludimur
2579 1660 2664 1727 ab
2691 1669 2807 1730 123

362 1762 622 1830 homine
667 1784 798 1828 non
848 1770 986 1827 tam
1042 1763 1248 1826 faceto
1299 1781 1495 1846 quam
1543 1759 1629 1825 ad
1681 1759 2001 1825 scribendi
2057 1759 2386 1827 licentiam
2442 1762 2661 1831 libero.

260 1883 331 1945 15
364 1866 546 1945 Quae
568 1863 744 1931 enim
770 1870 983 1949 potest
1013 1885 1149 1928 esse
1179 1864 1501 1941 sanctitas,
1523 1863 1580 1927 si
1610 1862 1678 1927 di
1707 1862 1993 1928 humana
2020 1884 2150 1928 non
2178 1869 2454 1933 curant?
2495 1887 2664 1951 quae

360 1978 579 2033 autem
609 1966 904 2032 animans
929 1973 1164 2030 natura
1190 1964 1355 2029 nihil
1382 1987 1611 2030 curans
1633 1968 1658 2030 2
1735 1964 1971 2030 Verius
1999 1974 2100 2032 est
2128 1966 2329 2052 igitur
2356 1967 2664 2034 nimirum

359 2069 539 2148 illud,
572 2067 744 2154 quod
782 2066 1116 2132 familiaris
1155 2065 1445 2132 omnium
1485 2073 1781 2131 nostrum
1823 2066 2204 2132 Posidonius
2245 2066 2548 2135 disseruit
2590 2070 2663 2135 in

358 2172 523 2237 libro
551 2171 781 2258 quinto
812 2171 893 2237 de
922 2178 1156 2235 natura
1195 2170 1481 2248 deorum,
1513 2169 1724 2234 nullos
1760 2192 1898 2235 esse
1936 2171 2088 2236 deos
2126 2171 2407 2258 Epicuro
2436 2173 2661 2256 videri,

360 2298 654 2365 quaeque
703 2276 760 2341 is
806 2276 887 2341 de
934 2275 1034 2341 dis
1083 2275 1556 2341 immortalibus
1608 2275 1861 2356 dixerit,
1909 2276 2189 2342 invidiae
2241 2277 2659 2346 detestandae

253 2403 335 2443 20
359 2380 570 2466 gratia
607 2378 861 2444 dixisse.
952 2378 1187 2464 Neque
1227 2378 1402 2443 enim
1439 2387 1578 2444 tam
1623 2378 1947 2465 desipiens
1989 2378 2236 2458 fuisset,
2265 2388 2343 2446 ut
2385 2381 2659 2448 homun-

358 2483 488 2549 culi
517 2482 796 2547 similem
824 2480 1018 2547 deum
1050 2480 1337 2566 fingeret,
1368 2481 1762 2547 liniamentis
1797 2482 2140 2547 dumtaxat
2180 2484 2502 2564 extremis,
2528 2507 2662 2552 non

358 2586 590 2652 habitu
620 2584 839 2662 solido,
869 2583 1177 2649 membris
1209 2584 1486 2649 hominis
1524 2584 1894 2670 praeditum
1938 2586 2256 2668 omnibus,
2287 2611 2412 2654 usu
2455 2611 2661 2656 mem-

357 2687 620 2754 brorum
648 2708 732 2752 ne
761 2685 1030 2750 minimo
1060 2685 1344 2770 quidem,
1375 2687 1614 2752 exilem
1642 2687 1968 2774 quendam
2002 2696 2200 2774 atque
2236 2689 2660 2776 perlucidum,

359 2789 526 2854 nihil
582 2788 886 2875 cuiquam
944 2787 1356 2867 tribuentem,
1413 2789 1581 2854 nihil
1634 2789 2128 2875 gratificantem,
2174 2791 2435 2859 omnino
2493 2794 2660 2859 nihil

254 2916 328 2978 25
358 2903 710 2972 curantem,
769 2892 935 2958 nihil
992 2901 1309 2978 agentem.
1401 2894 1586 2974 Quae
1642 2903 1877 2960 natura
1934 2894 2219 2980 primum
2275 2897 2459 2963 nulla
2518 2920 2657 2964 esse

356 3005 586 3084 potest,
621 2996 816 3083 idque
851 2995 1078 3061 videns
1116 2995 1436 3081 Epicurus
1467 3019 1538 3063 re
1578 2998 1769 3076 tollit,
1802 2998 2090 3063 oratione
2132 2998 2446 3085 relinquit
2488 3001 2655 3067 deos.

356 3097 629 3177 Deinde,
650 3098 706 3163 si
726 3098 1009 3162 maxime
1038 3097 1189 3162 talis
1218 3106 1317 3163 est
1347 3097 1524 3178 deus,
1545 3106 1624 3164 ut
1654 3096 1833 3163 nulla
1861 3099 2084 3184 gratia,
2109 3099 2290 3164 nulla
2318 3099 2656 3166 hominum
2685 3128 2802 3189 124

356 3202 625 3267 caritate
682 3209 998 3279 teneatur,
1048 3200 1297 3283 valeat;
1358 3201 1516 3287 quid
1573 3201 1751 3267 enim
1807 3201 2019 3266 dicam
2079 3208 2095 3235 ‘
2111 3200 2431 3288 propitius
2489 3203 2576 3269 sit
2594 3203 2658 3271 ’3

357 3303 515 3368 Esse
543 3302 718 3367 enim
747 3301 1064 3388 propitius
1091 3309 1304 3386 potest
1335 3301 1600 3379 nemini,
1634 3302 1956 3388 quoniam,
1984 3309 2062 3367 ut
2090 3301 2319 3382 dicitis,
2350 3302 2560 3368 omnis
2586 3303 2659 3368 in

250 3428 332 3486 30
357 3405 799 3471 imbecillitate
828 3413 930 3471 est
958 3412 1025 3470 et
1051 3404 1265 3490 gratia
1292 3413 1361 3470 et
1389 3406 1637 3471 caritas.

451 3557 487 3607 4
519 3558 781 3619 diligamns
812 3554 902 3605 AB
936 3554 1054 3607 Βοὴ.
1087 3553 1217 3618 Mu„
1255 3556 1514 3618 diliyimm
1546 3556 1625 3607 σΤ
1656 3554 1789 3619 [OE]
1821 3554 1909 3607 Or.
1940 3554 2036 3607 Ba.
2231 3559 2264 3607 8
2296 3558 2389 3622 qt&
2418 3560 2566 3610 nulla
2594 3576 2651 3613 re

356 3642 534 3693 U‘ron
567 3641 687 3692 Aac.
724 3639 890 3704 1041,
929 3641 1021 3704 qui
1056 3641 1117 3690 in
1147 3641 1293 3690 nulla
1322 3654 1376 3689 re
1409 3639 1721 3690 ABEnm
1750 3639 1973 3707 Edu-fl».
2216 3649 2411 3703 eaenm
2444 3642 2652 3708 [ΧΠ-μ,

355 3732 548 3788 euentu
576 3730 697 3774 emat
730 3723 815 3788 (cs.
844 3736 888 3772 n
916 3723 981 3772 21
1012 3728 1130 3772 sunt
1161 3724 1404 3784 carentia)
1439 3725 1571 3772 m
1597 3722 1739 3789 El„
1769 3721 1894 3785 Reg.
1928 3720 1979 3772 U
2011 3720 2130 3772 Asc.
2326 3723 2390 3774 1⁸
2426 3725 2554 3775 liber
2581 3732 2657 3776 est

353 3804 985 3872 Epicuriussgenerally,
1007 3802 1789 3867 Epicur-tubereaestatoU14.
1971 3804 2040 3853 20
2071 3805 2654 3858 mammons

353 3888 595 3950 Hem-b,
622 3887 930 3938 hortamentis
950 3884 1136 3940 ΧΒΕ-ι-
1167 3883 1356 3935 Heind.
1377 3884 1546 3935 Allen.
1798 3885 1863 3935 24
1895 3887 2276 3951 yratfflmntem,
2303 3889 2499 3939 omm’no
2519 3890 2656 3941 nihil

356 3970 439 4021 OB
474 3968 592 4020 Asc.
629 3965 752 4019 Sch.
795 3964 925 4026 Mu..
967 3968 1333 4032 mattflcantem
1372 3967 1585 4028 omnim,
1628 3967 1766 4017 nihil
1808 3966 1894 4018 Or.
1938 3967 2049 4032 Ba„
2096 3969 2477 4034 qrattsscamem,
2518 3972 2657 4024 m'hil

357 4052 555 4102 omnino
577 4053 613 4101 c
635 4047 760 4099 Red.
782 4046 971 4099 Heind.
