3150 4700
475 238 519 303 8
1236 255 1329 304 nn
1370 254 1656 306 NATURA
1698 255 2006 306 mmmm.

371 410 450 470 20
477 420 675 484 quam
712 396 976 465 inventa
1016 398 1360 465 videantur
1366 423 1386 481 3
1430 401 1546 466 sed
1573 400 1687 466 illa
1713 400 2038 487 palmaria,
2068 400 2257 487 quod,
2286 400 2398 486 qui
2427 422 2554 466 non
2581 401 2768 466 modo

474 509 706 568 natum
746 502 1066 567 mundum
1109 502 1556 581 introduxerit,
1586 503 1699 568 sed
1729 504 1927 568 etiam
1956 525 2156 569 manu
2185 525 2392 590 paene
2420 504 2681 582 factum,
2708 505 2768 568 is

470 624 627 670 eum
665 604 901 670 dixerit
928 605 1063 671 fore
1090 606 1579 690 sempiternum.
1665 606 1865 671 Hunc
1891 628 2113 672 censes
2139 607 2382 692 primis,
2408 616 2488 672 ut
2516 606 2766 684 dicitur,

471 706 667 773 labris
703 715 992 794 gustasse
1031 709 1517 795 physiologiam,
1546 709 1617 774 id
1645 718 1746 775 est
1772 718 2044 776 naturae
2082 713 2416 790 rationem,
2447 712 2562 796 qui
2589 711 2767 797 quic-

466 831 684 895 quam,
720 811 895 896 quod
938 820 1158 877 ortum
1200 812 1306 891 sit,
1351 820 1544 898 putet
1588 820 1925 879 aeternum
1963 835 2104 880 esse
2142 817 2361 899 posse?
2446 813 2629 894 Quae
2667 820 2768 879 est
2825 825 2863 886 5

469 913 646 979 enim
683 916 1154 1001 coagmentatio
1191 938 1323 982 non
1361 917 1787 984 dissolubilis?
1827 926 1948 983 aut
1988 918 2147 1003 quid
2175 926 2290 996 est,
2318 918 2503 1005 cujus
2528 918 2765 1005 princi·

468 1016 653 1100 pium
685 1016 946 1103 aliquod
987 1017 1090 1095 sit,
1124 1018 1291 1083 nihil
1332 1019 1419 1085 sit
1460 1028 1825 1086 extremum
1851 1026 1879 1087 2
1966 1019 2263 1108 Πρόνοια
2288 1043 2440 1086 vero
2468 1022 2528 1087 si
2550 1030 2766 1088 vestra

467 1126 584 1198 est,
614 1119 845 1200 Lucili,
876 1122 1119 1201 eadem,
1146 1119 1419 1210 requiro,
1438 1147 1606 1210 quae
1634 1125 1829 1211 paulo
1855 1133 2029 1203 ante,
2057 1125 2400 1203 ministros,
2420 1125 2763 1203 machinas,

466 1245 726 1289 omnem
766 1224 971 1291 totius
1010 1226 1220 1311 operis
1263 1226 1782 1312 designationem
1819 1235 2019 1313 atque
2051 1236 2465 1313 apparatum3
2505 1228 2606 1293 sin
2633 1227 2764 1293 alia

463 1338 582 1407 est,
609 1350 726 1395 cur
750 1329 1089 1395 mortalem
1118 1329 1341 1395 fecerit
1366 1329 1706 1408 mundum,
1736 1352 1884 1409 non,
1913 1353 2109 1416 quem
2136 1331 2223 1396 ad
2251 1329 2517 1397 modum
2545 1330 2760 1402 Plato÷
2787 1358 2865 1398 ιο

360 1441 438 1501 21
467 1429 649 1497 nicus
677 1430 855 1509 deus,
883 1430 1366 1515 sempiternum.
1454 1431 1572 1497 IX.
1632 1433 1739 1498 Ab
1770 1441 2044 1519 utroque
2072 1440 2296 1498 autem
2323 1433 2619 1509 sciscitor,
2648 1455 2762 1497 cur

465 1530 696 1597 mundi
751 1531 1184 1598 aedificatores
1238 1540 1504 1625 repente
1561 1533 1947 1613 exstiterint,
2004 1533 2501 1600 innumerabilia
2553 1534 2762 1599 saecla

462 1635 866 1715 dormierint3
908 1658 1039 1702 non
1077 1635 1269 1715 enim,
1311 1637 1366 1702 si
1405 1638 1690 1703 mundus
1720 1638 1937 1703 nullus
1972 1645 2125 1715 erat,
2165 1638 2373 1703 saecla
2397 1659 2530 1703 non
2557 1646 2759 1704 erant.

464 1735 693 1802 Saecla
747 1756 919 1800 nunc
974 1734 1119 1800 dico
1167 1757 1299 1800 non
1348 1758 1441 1812 ea,
1491 1756 1659 1821 quae
1695 1735 1962 1801 'dierum
2016 1735 2436 1822 noctiumque
2490 1757 2757 1801 numero

460 1837 699 1903 annuis
736 1837 1027 1902 cursibus
1055 1837 1484 1903 conficiuntur
1489 1862 1507 1918 ;
1552 1860 1707 1902 nam
1735 1839 1941 1904 fateor
1967 1860 2048 1904 ea
2075 1838 2214 1904 sine
2241 1838 2472 1904 mundi
2498 1860 2756 1905 conver·
2786 1857 2858 1918 15

452 1939 637 2007 sione
671 1940 838 2006 effici
874 1961 1003 2005 non
1042 1941 1328 2027 potuisse
1337 1964 1356 2021 ;
1397 1940 1512 2029 sed
1556 1940 1686 2005 fuit
1724 1941 2045 2026 quaedam
2073 1942 2159 2007 ab
2187 1941 2441 2007 infinito
2468 1950 2758 2028 tempore

460 2043 825 2122 aeternitas,
882 2062 1080 2130 quam
1136 2044 1320 2109 nulla
1374 2044 1875 2130 circumscriptio
1919 2053 2284 2132 temporum
2340 2047 2756 2127 metiebatur3

457 2146 669 2233 spatio
713 2154 936 2212 tamen
981 2146 1190 2231 qualis
1238 2168 1317 2211 ea
1365 2146 1575 2223 fuerit,
1626 2146 1920 2233 intellegi
1969 2156 2198 2234 potest.
2291 2148 2504 2234 [Quod
2554 2170 2639 2214 ne
2683 2150 2756 2214 in

365 2259 378 2276 ·
459 2246 909 2334 cogitationem
955 2245 1221 2331 quidem
1266 2245 1456 2324 cadit,
1501 2254 1582 2311 ut
1629 2246 1827 2312 fuerit
1875 2255 2136 2334 tempus
2181 2248 2458 2334 aliquod,
2502 2249 2757 2314 nullum

354 2355 434 2416 22
461 2373 611 2417 cum
652 2358 913 2435 tempus
956 2344 1172 2435 esset]
1259 2346 1399 2414 Isto
1442 2348 1645 2435 igitur
1694 2358 1830 2415 tam
1878 2350 2193 2417 immenso
2242 2353 2453 2438 spatio
2500 2375 2751 2438 quaero,
2780 2374 2862 2415 20

461 2455 683 2534 Balbe,
702 2473 820 2519 cur
850 2451 1145 2540 Πρόνοια
1170 2462 1386 2518 vestra
1413 2452 1774 2519 cessaverit.
1839 2453 2243 2520 Laboremne
2273 2454 2601 2541 fugiebat?
2662 2456 2756 2520 At

457 2559 586 2625 iste
617 2578 740 2623 nec
767 2555 1037 2642 attingit
1064 2556 1260 2622 deum
1288 2577 1407 2621 nec
1434 2564 1575 2622 erat
1602 2556 1791 2634 ullus,
1819 2579 1970 2622 cum
1997 2579 2219 2623 omnes
2245 2565 2516 2623 naturae
2543 2558 2754 2623 numi-

456 2662 530 2727 ni
574 2661 809 2739 divino,
844 2660 1114 2737 caelum,
1156 2659 1355 2745 igneS,
1397 2668 1622 2738 terrae,
1659 2661 1884 2740 maria,
1919 2669 2233 2746 parerent.
2320 2660 2495 2741 Quid
2532 2670 2753 2726 autem

456 2771 616 2844 erat,
643 2762 816 2848 quod
845 2762 1321 2848 concupisceret
1348 2763 1508 2828 deus
1536 2763 1856 2828 mundum
1886 2764 2084 2848 signis
2114 2773 2182 2830 et
2208 2763 2563 2829 luminibus
2588 2755 2757 2829 tam-

458 2886 656 2949 quam
682 2862 911 2929 aedilis
950 2866 1220 2928 ornare?
1306 2863 1396 2943 Si,
1428 2871 1507 2929 ut
1544 2863 1706 2928 deus
1743 2863 1882 2949 ipse
1919 2863 2152 2929 melius
2194 2864 2534 2941 habitaret,
2561 2872 2755 2929 antea
2781 2892 2814 2932 2
2821 2889 2857 2950 5

454 2968 758 3034 videlicet
803 2976 1093 3054 tempore
1144 2966 1403 3033 infinito
1452 2967 1523 3032 in
1579 2967 1864 3034 tenebris
1920 2976 2255 3052 tamquam
2301 2968 2375 3031 in
2422 2968 2755 3053 gurgustio

454 3067 876 3134 habitaverat.
963 3067 1118 3132 Post
1168 3076 1391 3133 autem
1434 3066 1832 3133 varietatene
1876 3089 2030 3132 eum
2074 3067 2380 3133 delectari
2427 3077 2753 3153 putamus,

449 3193 585 3257 qua
611 3171 861 3237 caelum
890 3178 959 3237 et
985 3179 1189 3237 terras
1217 3178 1552 3242 exornatas
1581 3169 1921 3236 videmus?
2009 3170 2190 3250 Quae
2220 3170 2348 3236 ista
2373 3178 2589 3256 potest
2616 3193 2753 3238 esse

453 3273 796 3340 oblectatio
833 3274 1001 3341 deo?
1085 3273 1270 3354 Quae
1304 3271 1359 3339 si
1387 3281 1574 3351 esset,
1607 3294 1738 3338 non
1765 3296 1844 3338 ea
1870 3281 2008 3338 tam
2036 3273 2150 3339 diu
2173 3262 2391 3340 carere
2417 3276 2749 3361 potuisset.

549 3455 581 3507 1
614 3458 713 3509 illa
724 3457 986 3522 palmaria
1005 3457 1131 3510 Dav.
1160 3456 1238 3510 ed.
1269 3457 1314 3520 1,
1347 3458 1483 3508 illud
1505 3460 1736 3523 palmare
1769 3457 1898 3509 Dav.
1922 3458 2003 3508 ed.
2027 3459 2074 3518 2,
2098 3460 2197 3509 illo
2220 3459 2471 3522 palmaris
2501 3474 2604 3511 uss
2624 3460 2744 3513 Sch.
2867 3517 2882 3524 ,

453 3539 486 3588 3
518 3539 707 3589 dixerit
728 3551 846 3597 uss,
860 3539 997 3588 dixit
1013 3538 1122 3588 Mu.
1139 3538 1290 3602 (Adn.
1305 3538 1426 3599 On).
1570 3541 1602 3590 ‘7
1634 3540 1834 3603 πρόνοια
1854 3538 2138 3600 Manutius,
2150 3553 2372 3602 Pronoea
2387 3553 2486 3590 uss
2504 3539 2624 3590 Sch.
2639 3541 2748 3591 Mu.

451 3633 567 3668 vero
593 3620 642 3668 si
670 3624 836 3667 vestra
857 3624 933 3667 est
953 3618 1126 3668 Lucili
1147 3618 1318 3669 eadem
1336 3620 1538 3681 requiro
1559 3618 1692 3668 ABG
1722 3616 1875 3680 Mus„
1909 3619 1958 3668 ei
1985 3632 2101 3668 vero
2129 3624 2297 3668 vestra
2317 3626 2391 3669 eet
2412 3620 2559 3668 lucili
2579 3620 2752 3669 eadem

448 3704 650 3767 require
680 3701 747 3764 E,
778 3715 896 3751 vero
924 3701 973 3750 εἰ
999 3708 1169 3751 vestra
1197 3705 1273 3750 est
1304 3697 1479 3750 Lucili
1500 3701 1686 3761 eadem,
1712 3700 1885 3749 eadem
1911 3702 2112 3763 requiro
2151 3698 2359 3759 Heind„
2378 3714 2496 3750 vero
2514 3707 2681 3750 vestra
2698 3703 2750 3751 εἰ

450 3782 623 3831 eadem
654 3787 745 3840 est,
786 3779 980 3841 Lucili,
1008 3780 1181 3829 eadem
1212 3779 1412 3841 requiro
1446 3777 1565 3829 Sch.
1605 3777 1739 3828 after
1769 3776 2075 3836 Lambinus,
2107 3793 2222 3828 vero
2254 3785 2420 3828 vestra
2452 3780 2513 3840 si,
2551 3779 2744 3840 Lucili,

448 3862 623 3912 eaden}
656 3866 746 3921 est,
783 3860 954 3909 eadem
984 3861 1183 3923 requiro
1204 3857 1394 3919 Madv..
1413 3873 1530 3909 vero
1557 3864 1742 3920 vestro,
1769 3859 1962 3918 Lucili,
1984 3861 2033 3908 si
2055 3865 2128 3908 est
2150 3860 2332 3921 eadem,
2353 3861 2532 3910 eadem
2551 3859 2750 3923 requiro

447 3943 540 3994 Or.
560 3942 657 3992 Ba.
680 3941 791 3991 Mu.
921 3941 955 3992 9
987 3941 1379 4002 designationem
1399 3939 1488 3990 ΟΕ
1500 3947 1541 3992 ÷
1554 3940 1968 4002 diseiqnationem
1989 3939 2162 3990 ABBR
2182 3938 2292 3988 Mu.
2421 3939 2486 3990 18
2517 3941 2751 4004 intellegi

443 4031 609 4088 potest
645 4021 912 4084 XBmo,
938 4022 1167 4086 ἱππίας-ἰ
1201 4035 1305 4072 non
1326 4027 1492 4084 potest
1511 4019 1629 4071 Asc.
1653 4018 2089 4074 ΠσΙΠΙΠ-ι-Βαὶι.
2114 4019 2198 4071 Or.
2224 4018 2318 4070 Ba.
2345 4018 2458 4070 Mu.
2480 4018 2617 4082 (who
2636 4020 2752 4071 also

448 4108 683 4169 suggests
719 4106 810 4168 qui
836 4105 1040 4167 potest).
1182 4102 1315 4164 quoa
1343 4107 1596 4151 rte—met
1626 4098 1934 4163 transposed
1963 4099 2036 4164 by
2067 4098 2416 4162 wyttenbaeh
2447 4098 2621 4150 before
2660 4103 2753 4151 ced

438 4188 554 4250 suit
573 4185 610 4238 1.
630 4184 694 4237 16
718 4182 959 4249 (perhaps
989 4182 1154 4235 better
1172 4181 1344 4234 before
1364 4183 1568 4249 spatio),
1597 4194 1683 4232 see
1703 4180 1906 4234 Oomm.
2133 4180 2201 4232 21
2231 4181 2436 4246 τρόιοια
2457 4192 2544 4231 see
2563 4179 2746 4231 above.
