3150 4700
493 277 530 336 6
1255 289 1350 336 DE
1391 286 1676 338 NATURA.
1709 286 2028 338 DEORUM,

486 454 616 498 non
644 433 971 500 levissima
996 435 1076 499 de
1106 452 1195 514 re,
1219 442 1297 499 ut
1326 435 1622 519 queritur
1651 435 1761 500 ille
1792 435 2213 502 incivitate
2243 436 2423 502 fieri
2453 436 2791 502 facinora

486 540 871 625 capitalia,

490 662 497 671 '
555 656 635 712 ab
668 657 880 713 amico
914 661 1178 714 amante
1213 662 1560 730 argentum
1598 660 1897 731 accipere
1931 659 2243 714 meretrix
2279 675 2406 713 non
2442 657 2625 723 vult3

384 784 460 843 14
482 781 594 846 'sed
625 790 701 846 ut
729 781 959 860 adsint,
986 791 1385 868 cognoscant,
1413 781 1949 862 animadvertant,
1979 782 2138 868 quid
2168 783 2250 848 de
2290 783 2618 867 religione,
2650 782 2789 867 pie-

480 892 634 963 tate,
666 885 1027 963 sanctitate,
1056 885 1474 963 caerimoniis,
1505 885 1652 965 fide,
1673 886 1824 972 jure
1844 886 2147 973 jurandO,
2179 884 2339 971 quid
2381 886 2463 950 de
2504 884 2787 969 templis,
2851 907 2880 966 5

482 988 764 1054 delubris
793 988 1240 1074 sacrificiisque
1270 987 1704 1067 sollemnibuS,
1726 988 1885 1075 quid
1916 987 1996 1055 de
2027 989 2184 1074 ipsis
2205 986 2525 1073 auspiciiS,
2551 985 2787 1072 quibus

486 1094 601 1185 nos
628 1113 1018 1177 praesumus
1048 1091 1553 1157 existimandum
1584 1092 1706 1172 sit;
1747 1090 1906 1156 haec
1936 1090 2112 1156 enim
2142 1089 2359 1154 omnia
2386 1088 2470 1153 ad
2510 1087 2675 1152 hanc
2705 1087 2787 1152 de

484 1193 585 1257 dis
641 1192 1115 1258 immortalibus
1172 1194 1618 1279 quaestionem
1675 1191 2010 1258 referenda
2066 1199 2235 1257 sunt.
2329 1190 2622 1256 Profecto
2679 1212 2788 1255 eos

484 1284 670 1385 ipsos,
712 1294 827 1380 qui
868 1317 938 1361 se
981 1294 1229 1381 aliquid
1272 1296 1433 1361 certi
1475 1296 1713 1361 habere
1757 1295 2167 1372 arbitrantur,
2196 1293 2575 1359 addubitare
2604 1280 2788 1379 coget

482 1397 996 1464 ‘doctissimorum
1025 1398 1365 1464 hominum
1393 1399 1475 1465 de
1504 1399 1789 1463 maxima
1815 1421 1886 1463 re
1913 1407 2101 1463 tanta
2128 1397 2452 1462 dissensio,
2817 1421 2888 1459 10

383 1494 491 1567 15'
617 1502 808 1583 Quod
852 1525 1000 1568 cum
1037 1526 1225 1589 saepe
1266 1504 1439 1583 alias,
1470 1514 1615 1583 tum
1656 1504 1937 1570 maxime
1966 1503 2406 1581 animadverti,
2436 1525 2585 1568 cum
2612 1501 2785 1587 apud

486 1606 561 1691 Q.
593 1607 871 1685 Cottam,
899 1606 1279 1673 familiarem
1312 1631 1550 1686 meum,
1582 1617 1875 1674 accurate
1907 1630 2057 1673 sane
2087 1616 2155 1672 et
2183 1607 2525 1693 diligenter
2568 1607 2648 1671 de
2688 1606 2787 1672 dis

486 1711 954 1777 immortalibus
990 1711 1392 1799 disputatum
1439 1722 1558 1778 est.
1653 1712 1830 1777 Nam
1868 1734 2015 1777 cum
2044 1711 2216 1777 feriis
2245 1711 2494 1776 Latinis
2522 1711 2604 1776 ad
2634 1734 2786 1776 eum

485 1816 686 1901 ipsius
733 1825 961 1902 rogatu
999 1817 1431 1901 arcessituque
1475 1816 1813 1894 venissem,
1859 1815 2096 1881 offendi
2134 1838 2287 1881 eum
2334 1815 2666 1881 sedentem
2717 1815 2786 1879 in

484 1920 723 1985 exedra
749 1929 817 1986 et
856 1943 1005 1986 cum
1046 1919 1118 1986 O.
1156 1918 1405 1986 Velleio
1453 1930 1745 1986 senatore
1782 1921 2238 2005 disputantem,
2277 1921 2362 1985 ad
2404 1943 2598 2005 quem
2641 1930 2785 1985 tum
2817 1944 2887 2003 15
2969 1928 2986 1942 “

482 2020 781 2119 Epicurei
811 2022 1050 2109 primas
1081 2046 1161 2089 ex
1182 2025 1415 2090 nostris
1443 2024 1811 2090 hominibus
1843 2023 2230 2089 deferebant.
2315 2024 2560 2089 Aderat
2587 2024 2784 2089 etiam

485 2128 562 2207 Q.
593 2128 879 2193 Lucilius
909 2128 1166 2207 Balbus,
1207 2130 1320 2214 qui
1361 2138 1577 2195 tantos
1619 2150 1985 2214 progressus
2024 2128 2304 2195 habebat
2332 2129 2401 2193 in
2431 2129 2680 2207 Stoicis,
2709 2137 2785 2194 ut

484 2232 636 2298 'cum
665 2232 1125 2299 excellentibus
1155 2233 1225 2298 in
1253 2256 1329 2299 eo
1356 2256 1589 2319 genere
1620 2233 1880 2297 Graecis
1922 2241 2408 2318 compararetur.
2495 2233 2681 2310 Tum,
2708 2241 2786 2297 ut

483 2333 589 2400 me
630 2336 822 2402 Cotta
855 2335 1034 2415 vidit,
1076 2335 1571 2422 Peropportune,
1613 2335 1844 2423 inquit,
1894 2336 2104 2417 venis;
2151 2336 2351 2401 oritur
2400 2335 2574 2402 enim
2623 2337 2784 2402 mihi

482 2460 717 2524 magna
745 2435 825 2504 de
855 2462 925 2504 re
955 2440 1284 2506 altercatio
1314 2463 1462 2506 cum
1491 2440 1758 2519 Velleio,
1801 2440 1906 2505 cui
1940 2461 2055 2525 pro
2093 2449 2208 2505 tuo
2259 2441 2470 2506 studio
2516 2463 2643 2505 non
2686 2450 2786 2507 est
2816 2468 2893 2507 20

381 2548 455 2606 16
483 2537 765 2604 alienum
793 2548 860 2605 te
893 2541 1217 2634 interesse.
1307 2541 1459 2608 VII.
1508 2543 1729 2627 Atque
1758 2541 1921 2606 mihi
1950 2563 2204 2626 quoque
2233 2541 2469 2622 videor,
2499 2542 2783 2627 inquam,

483 2645 747 2723 venisse,
797 2654 877 2711 ut
921 2646 1099 2724 dicis,
1149 2655 1521 2732 opportune.
1628 2647 1783 2712 Tres
1834 2646 2009 2711 enim
2054 2646 2254 2710 trium
2302 2645 2782 2732 disciplinarum

481 2748 796 2834 principes
842 2749 1240 2815 convenistis.
1327 2750 1415 2815 M.
1460 2748 1609 2837 Piso
1645 2749 1700 2814 si
1734 2750 2002 2828 adesset,
2041 2748 2282 2814 nullius
2327 2749 2785 2836 philosophiae,

481 2873 703 2916 earum
731 2851 996 2937 quidem
1026 2874 1192 2937 quae
1223 2851 1292 2917 in
1320 2852 1558 2917 honore
1589 2861 1759 2927 sunt,
1793 2859 2050 2917 vacaret
2077 2851 2268 2918 locus.
2357 2852 2526 2917 Tum
2558 2853 2778 2919 Cotta:

481 2935 571 3030 si,
627 2953 857 3039 inquit,
907 2954 1070 3019 liber
1124 2956 1430 3021 Antiochi
1488 2955 1704 3033 nostri,
1762 2955 1874 3040 qui
1932 2955 2015 3020 ab
2072 2977 2149 3020 eo
2206 2978 2414 3041 nuper
2470 2956 2554 3021 ad
2609 2956 2782 3022 hune
2814 2975 2892 3036 25

484 3049 759 3142 Balbum
790 3057 1019 3122 missus
1049 3066 1162 3135 est,
1192 3080 1344 3124 vera
1371 3059 1673 3144 loquitur,
1702 3058 1866 3122 nihil
1896 3066 2010 3135 est,
2040 3059 2213 3143 quod
2244 3059 2561 3138 Pisonem,
2591 3059 2780 3125 fami-

482 3155 707 3222 liarem
744 3165 950 3236 tuum,
990 3158 1333 3241 desideres3
1376 3159 1700 3224 Antiocho
1730 3159 1904 3225 enim
1937 3159 2134 3225 Stoici
2164 3183 2312 3225 cum
2342 3159 2783 3246 Peripateticis

483 3282 552 3326 re
597 3261 922 3330 concinere
969 3262 1286 3340 videntur,
1333 3263 1543 3328 verbis
1596 3262 1948 3347 discrepare
1959 3287 1975 3343 ;
2018 3285 2145 3348 quo
2196 3263 2277 3329 de
2323 3263 2505 3343 libro,
2558 3263 2781 3338 Balbe,

481 3363 678 3428 velim
692 3351 862 3429 'scire
891 3365 1048 3450 quid
1077 3365 1327 3431 sentias.
1403 3366 1659 3450 Egone?
1733 3364 1946 3449 inquit
1966 3365 2102 3430 ille:
2149 3365 2343 3430 miror
2369 3365 2781 3445 Antiochum,

483 3464 808 3532 hominem
865 3468 935 3532 in
990 3467 1212 3554 primis
1258 3476 1537 3547 acutum,
1584 3491 1715 3534 non
1765 3465 1998 3533 vidisse
2057 3469 2365 3534 interesse
2425 3469 2781 3554 plurimum
2810 3494 2900 3551 30

484 3568 651 3634 inter
682 3568 945 3648 Stoicos,
982 3571 1095 3656 qui
1116 3553 1397 3636 'honesta
1436 3592 1476 3634 a
1511 3570 1857 3636 commodis
1904 3593 2031 3635 non
2078 3571 2335 3636 nomine
2385 3571 2500 3636 sed
2543 3592 2780 3656 genere

488 3731 493 3739 ’
581 3741 614 3789 8
645 3753 746 3790 non
765 3741 875 3789 vult
895 3753 1012 3804 uss,
1028 3739 1195 3791 nevolt
1218 3739 1304 3790 Or.
1317 3739 1412 3790 Ba.
1432 3738 1552 3790 Sch.
1568 3739 1701 3790 after
1720 3738 1781 3788 Γ.
1798 3739 1861 3788 A.
1878 3737 2035 3789 Wolf.
2168 3740 2232 3789 18
2254 3746 2328 3789 est
2341 3739 2385 3788 B
2402 3742 2669 3803 (superscr.
2686 3741 2780 3803 cit)

486 3817 536 3877 0,
562 3820 631 3866 sit
660 3817 978 3870 AOEUMus.
1131 3819 1193 3869 16
1224 3821 1468 3883 Epicurei
1489 3822 1525 3868 ο
1539 3818 1667 3876 Mu„
1690 3820 1928 3881 Epicurii
1951 3824 1990 3869 0
2012 3819 2099 3869 Or.
2121 3818 2215 3870 Ba.
2243 3818 2357 3881 (but
2376 3821 2620 3884 Epicurei
2653 3819 2780 3869 else-

382 3957 385 3962 ,
486 3896 687 3962 where),
710 3899 927 3962 Epicuri
955 3911 1054 3949 uss
1078 3901 1157 3962 (so
1179 3900 1225 3949 A
1244 3899 1342 3950 has
1363 3900 1728 3957 nuditerranii,
1751 3898 1797 3947 B
1825 3900 2147 3949 noediterram'
2168 3899 2224 3948 in
2245 3903 2273 3962 9
2295 3900 2399 3964 88).
2528 3900 2590 3948 21
2624 3907 2780 3961 atque

487 3977 616 4030 GEB
637 3977 756 4028 Sch.
780 3979 906 4041 Mu.,
933 3982 1079 4043 atqui
1101 3979 1189 4028 AB
1213 3978 1505 4042 (according
1524 3980 1581 4026 to
1603 3978 1712 4027 Mu.
1734 3979 1863 4030 Acin.
1891 3980 2020 4028 Grit.
2037 3977 2132 4028 but
2155 3978 2241 4028 Or.
2260 3979 2402 4039 gives
2422 3979 2581 4042 adqui
2601 3980 2667 4042 Δ)
2683 3980 2783 4032 Ux

486 4060 603 4109 Asc.
622 4059 709 4109 Or.
724 4059 819 4109 Ba.
947 4061 1012 4109 23
1035 4061 1106 4111 M.
1133 4061 1250 4109 Piso
1271 4058 1355 4108 El.
1370 4059 1660 4118 Umoo,
1679 4060 1753 4110 M.
1776 4060 1908 4108 enim
1921 4060 2043 4108 Piso
2057 4059 2172 4108 Asc.
2190 4058 2334 4108 mm
2351 4059 2441 4109 Or.
2461 4058 2600 4117 Βοὴ,
2617 4061 2692 4109 Μ.
2707 4061 2781 4111 Ν.

486 4141 608 4190 Piso
636 4140 856 4199 ΑΒΕ-Η
883 4142 945 4191 G.
969 4143 1100 4189 enim
1133 4141 1254 4189 Piso
1285 4144 1347 4202 K,
1384 4140 1498 4189 GN.
1526 4140 1650 4188 Pico
1684 4138 1742 4200 ῦς
1769 4141 1935 4190 Gneus
1962 4140 2083 4189 Piso
2111 4142 2163 4196 0,
2190 4141 2250 4190 G.
2277 4141 2401 4190 Piso
2432 4143 2486 4200 B,
2522 4139 2596 4189 H.
2623 4141 2785 4191 etiam

485 4223 606 4273 Piso
626 4222 721 4274 Ba.
743 4221 874 4274 after
895 4220 1101 4284 Heind„
1130 4223 1200 4273 M.
1228 4229 1395 4273 autem
1414 4222 1533 4273 Piso
1554 4221 1665 4271 Mu.
1795 4219 2191 4286 [philosophiae]
2212 4219 2308 4272 Ba.
2330 4221 2462 4274 atter
2483 4219 2643 4271 Bake.
