3150 4700
495 238 536 298 4
1165 274 1174 281 ·
1259 244 1352 297 DE
1394 247 1678 299 NATURA
1722 247 2030 299 DEORUM.

489 406 608 457 nos
634 390 982 477 impulerit,
1023 397 1102 456 ut
1143 391 1303 457 haec
1340 399 1480 457 tam
1516 412 1661 458 sero
1697 392 1938 458 litteris
1973 392 2447 471 mandaremuS‚
2476 392 2644 458 nihil
2671 402 2790 469 est,

489 492 662 575 quod
689 486 991 578 expedire
1011 499 1150 557 tam
1170 492 1359 558 facile
1377 493 1714 579 possimus.
1771 492 1949 558 Nam
1978 515 2129 559 cum
2159 494 2293 558 otio
2320 494 2830 589 langueremus&-

490 603 558 661 et
584 596 641 661 is
669 605 839 662 esset
868 597 962 662 rei
990 597 1288 683 publicae
1314 606 1544 678 status,
1584 607 1662 663 ut
1698 619 1838 665 eam
1887 599 2083 664 unius
2120 599 2385 665 consilio
2412 607 2609 684 atque
2638 584 2794 664 cura

485 696 831 781 gubernari
858 716 1114 764 necesse
1143 707 1329 776 esset,
1357 699 1641 784 primum
1670 700 1872 785 ipsius
1901 700 1997 765 rei
2024 701 2323 786 publicae
2351 722 2544 766 causa
2580 700 2792 786 philo-

487 799 781 886 sophiam
822 791 1057 867 n'ostris
1097 800 1467 867 hominibus
1510 802 1956 887 explicandam
2001 803 2249 888 putavi,
2298 803 2520 889 magni
2568 802 2789 868 existi-
2857 818 2892 878 5

489 925 675 969 mans
703 905 1011 971 interesse
1038 906 1121 970 ad
1156 904 1351 972 decus
1386 914 1457 971 et
1494 907 1580 971 ad
1617 906 1877 972 laudem
1920 906 2201 972 civitatis
2242 928 2344 971 res
2384 914 2523 971 tam
2565 928 2791 991 graves

427 1015 467 1075 8
492 1014 756 1093 tamque
804 1008 1160 1095 praeclaras
1209 1009 1462 1074 Latinis
1505 1008 1707 1075 etiam
1747 1009 1983 1074 litteris
2026 1008 2376 1090 contineri;
2431 1030 2640 1093 eoque
2681 1030 2790 1074 me

486 1108 705 1173 minus
731 1108 1020 1175 instituti
1047 1109 1176 1175 mei
1204 1110 1514 1196 paenitet,
1536 1110 1707 1197 quod
1736 1110 1923 1175 facile
1953 1110 2179 1187 sentio,
2207 1132 2403 1194 quam
2432 1111 2788 1175 multorum

486 1232 619 1275 non
666 1211 857 1277 modo
907 1211 1211 1289 discendi,
1256 1212 1369 1277 sed
1418 1213 1620 1278 etiam
1670 1212 1991 1278 scribendi
2040 1212 2256 1277 studia
2314 1212 2784 1277 commoverim.

486 1312 866 1402 Complures
894 1315 1071 1381 enim
1099 1315 1357 1380 Graecis
1385 1314 1906 1381 institutionibus
1940 1314 2179 1380 eruditi
2218 1337 2313 1393 ea,
2341 1336 2509 1401 quae
2548 1314 2787 1380 didice-
2821 1339 2896 1379 10

483 1426 647 1497 rant,
699 1441 848 1484 cum
898 1419 1146 1485 civibus
1196 1418 1329 1484 suis
1378 1420 1848 1485 communicare
1900 1440 2031 1484 non
2080 1426 2398 1504 poterant,
2439 1418 2613 1504 quod
2655 1418 2786 1496 illa,

484 1542 652 1637 quae
690 1544 732 1587 a
769 1522 1029 1587 Graecis
1065 1521 1477 1615 accepissent,
1505 1520 1738 1586 Latine
1778 1521 1908 1586 dici
1945 1542 2128 1606 posse
2168 1521 2550 1586 diffiderent.
2639 1521 2787 1601 Quo

486 1624 557 1688 in
591 1646 825 1710 genere
863 1632 1121 1690 tantum
1160 1624 1497 1710 profecisse
1524 1623 1839 1701 videmur,
1870 1632 1949 1688 ut
1976 1646 2018 1689 a
2044 1622 2307 1689 Graecis
2334 1645 2417 1688 ne
2444 1623 2786 1689 verborum

424 1737 462 1797 9
485 1726 748 1812 quidem
784 1728 969 1814 copia
1000 1727 1419 1792 vinceremur.
1507 1726 1790 1791 Hortata
1832 1726 2026 1791 etiam
2073 1733 2190 1803 est,
2231 1733 2310 1790 ut
2350 1746 2456 1790 me
2499 1727 2584 1791 ad
2626 1725 2787 1791 haec

482 1831 854 1911 conferrem,
898 1830 1101 1895 animi
1143 1828 1482 1915 aegritudo
1520 1829 1818 1894 fortunae
1860 1850 2098 1914 magna
2133 1835 2204 1893 et
2245 1827 2428 1913 gravi
2467 1837 2786 1894 commota
2818 1846 2890 1907 15

482 1933 746 2021 injuria3
771 1933 956 2020 cujus
977 1933 1034 1998 si
1052 1932 1178 2018 maj
1186 1954 1361 1997 orem
1381 1931 1668 2018 aliquam
1689 1931 2079 1997 levationem
2106 1931 2387 2016 reperire
2415 1931 2786 2016 potuissem,

483 2057 611 2103 non
641 2035 725 2100 ad
746 2035 911 2099 hanc
937 2034 1345 2120 potissimum
1374 2032 1799 2117 confugissem
1821 2056 1839 2114 3
1878 2054 1957 2098 ea
1983 2054 2136 2099 vero
2165 2031 2308 2118 ipsa
2334 2031 2516 2095 nulla
2534 2030 2783 2096 ratione

483 2136 717 2202 melius
743 2136 870 2201 frui
897 2136 1102 2223 potui,
1130 2157 1325 2222 quam
1355 2136 1411 2200 si
1439 2157 1546 2200 me
1573 2156 1704 2199 non
1734 2133 1926 2199 modo
1961 2134 2048 2199 ad
2085 2133 2390 2220 legendos
2426 2133 2639 2211 libros,
2667 2132 2783 2198 sed

481 2239 682 2305 etiam
710 2240 793 2304 ad
814 2247 1027 2304 'totam
1055 2238 1527 2325 philosophiam
1556 2237 2074 2323 pertractandam
2113 2235 2449 2301 dedissem.
2539 2235 2784 2301 Omnes

481 2354 704 2410 autem
733 2342 875 2430 ejus
901 2350 1118 2430 partes
1156 2352 1354 2429 atque
1392 2342 1612 2409 omnia
1648 2341 1941 2408 membra
1980 2349 2123 2407 tum
2161 2340 2465 2408 facillime
2508 2365 2783 2422 noscun-
2812 2373 2893 2414 20

482 2454 609 2525 tur,
658 2468 821 2512 cum.-
863 2453 1040 2512 totae
1099 2445 1506 2532 quaestiones
1555 2444 1889 2511 scribendo
1946 2444 2387 2529 explicantur;
2454 2454 2555 2511 est
2605 2445 2782 2511 enim

483 2546 876 2613 admirabilis
901 2547 1217 2633 quaedam
1248 2546 1645 2612 continuatio
1675 2547 1999 2632 seriesque
2026 2569 2259 2624 rerum,
2283 2554 2362 2612 ut
2387 2546 2517 2613 alia
2545 2569 2627 2613 ex
2653 2548 2783 2614 alia

387 2659 464 2720 10
484 2671 653 2716 nexa
678 2657 747 2715 et
773 2672 995 2715 omnes
1021 2649 1194 2715 inter
1220 2672 1290 2716 se
1317 2658 1510 2735 aptae
1548 2650 2016 2736 colligataeque
2042 2650 2403 2717 videantur.
2472 2637 2594 2726 flV.
2651 2651 2782 2732 Qui

480 2763 706 2828 autem
733 2753 1089 2839 requirunt,
1118 2753 1276 2839 quid
1304 2745 1564 2838 quaque
1592 2754 1674 2820 de
1703 2775 1772 2820 re
1801 2753 1927 2840 ipsi
1955 2755 2328 2833 sentiamus,
2360 2754 2670 2820 curiosius
2710 2755 2780 2819 id

480 2856 746 2933 faciunt,
763 2878 961 2943 quam
989 2877 1249 2922 necesse
1277 2863 1408 2938 est;
1440 2878 1573 2921 non
1601 2856 1776 2922 enim
1803 2864 1943 2922 tam
1969 2866 2262 2924 auctores
2289 2858 2362 2922 in
2388 2858 2779 2944 disputando
2809 2883 2841 2922 2
2850 2880 2886 2941 5

480 2959 680 3046 quam
727 2959 997 3026 rationis
1044 2967 1377 3026 momenta
1420 2960 1790 3044 quaerenda
1838 2968 2008 3027 sunt.
2117 2961 2295 3042 Quin
2344 2961 2545 3027 etiam
2595 2963 2780 3028 obest

480 3065 862 3152 plerumque
917 3065 1018 3144 iis,
1073 3064 1191 3150 qui
1242 3064 1487 3129 discere
1542 3064 1789 3143 volunt,
1838 3065 2187 3131 auctoritas
2243 3087 2487 3150 eorum,
2536 3068 2650 3153 qui
2706 3089 2777 3133 se

481 3169 706 3237 docere
747 3169 1164 3257 profitentur,
1148 3174 1185 3208 ·“
1209 3168 1514 3234 desinunt
1552 3163 1731 3234 enim
1770 3190 1962 3234 suum
1994 3167 2319 3254 judicium
2356 3170 2677 3249 adhibere,
2705 3171 2777 3238 id

483 3270 726 3338 habent
768 3279 1000 3353 ratum,
1047 3272 1218 3357 quod
1268 3271 1355 3337 ab
1403 3293 1498 3350 eo,
1540 3292 1736 3357 quem
1787 3271 2078 3359 probant,
2121 3272 2487 3359 judicatum
2532 3273 2776 3342 vident.
2779 3271 2926 3357 N,

481 3374 624 3442 Nec
649 3396 801 3441 vero
827 3374 1096 3461 probare
1125 3374 1298 3440 soleo
1325 3375 1414 3454 id,
1445 3376 1619 3462 quod
1648 3375 1731 3440 de
1759 3375 2180 3463 Pythagoreis
2207 3377 2585 3464 accepimus,
2614 3399 2777 3463 quos
2805 3404 2891 3462 30

479 3476 717 3557 ferunt,
772 3477 829 3543 si
873 3477 1031 3562 quid
1075 3476 1470 3541 affirmarent
1514 3477 1586 3541 in
1628 3476 2032 3563 disputando,
2074 3499 2223 3542 cum
2266 3500 2348 3544 ex
2390 3477 2471 3543 iis
2510 3499 2778 3563 quaere-

481 3587 679 3657 retur,
707 3601 904 3666 quare
932 3581 1027 3645 ita
1054 3588 1241 3660 esset,
1267 3580 1651 3666 respondere
1680 3580 1939 3648 solitos.
1986 3582 2193 3668 ‘Ipse
2231 3581 2480 3648 dixit’.
2570 3581 2777 3669 ‘’Ipse

481 3692 704 3748 autem
752 3692 890 3749 erat
939 3682 1349 3770 Pythagoras.
1435 3683 1721 3748 Tantum
1764 3682 1982 3769 opinio
2025 3682 2464 3770 praejudicata
2504 3692 2778 3770 poterat,

384 3798 458 3856 11
483 3795 562 3854 ut
588 3788 785 3854 etiam
813 3788 949 3854 sine
977 3789 1227 3855 ratione
1257 3788 1504 3854 valeret
1529 3787 1890 3853 auctoritas.
1970 3787 2101 3868 Qui
2128 3796 2349 3853 autem
2376 3788 2779 3854 admirantur

482 3913 598 3958 nos
640 3890 807 3956 hanc
849 3892 1254 3977 potissimum
1298 3893 1705 3979 disciplinam
1748 3901 2014 3971 secutos,
2057 3892 2138 3957 iis
2180 3901 2487 3976 quattuor
2525 3890 2776 3959 Acade-
2804 3921 2841 3979 3
2851 3921 2887 3982 5

578 4028 645 4078 22
674 4028 785 4078 alia
817 4041 879 4078 a
913 4028 1024 4076 alia
1052 4041 1181 4077 nm
1209 4026 1315 4090 [le
1346 4028 1460 4077 alia
1493 4040 1555 4077 ex
1588 4027 1710 4076 aliis
1742 4040 1872 4077 neoea
1900 4024 1988 4086 Bl,
2021 4027 2160 4076 aliae
2192 4040 2254 4076 ea
2281 4026 2406 4076 aliie
2435 4040 2590 4077 mae
2620 4030 2774 4077 180.

483 4106 547 4158 25
578 4112 803 4156 auctores
825 4104 954 4153 AOE
973 4102 1152 4167 [Mus]‚
1172 4105 1499 4154 auctoritates
1519 4102 1565 4153 B
1587 4101 1798 4164 Heind„
1820 4106 2144 4155 auctoritatis
2165 4101 2249 4153 El.
2271 4102 2477 4154 Davies.
2606 4105 2671 4155 35
2701 4107 2775 4155 iit

482 4186 530 4235 Β
550 4185 679 4244 Mu„
701 4184 780 4235 his
801 4197 900 4235 uss
921 4182 1025 4235 and
1045 4182 1160 4234 odd.
