3150 4700
530 289 616 351 60
1141 297 1559 347 coLLAnons
1605 296 1692 345 OF
1738 295 2034 344 mensu
2078 296 2220 344 uss,

525 452 637 496 erat
677 449 809 503 Boo.
855 445 1034 494 aderat
1078 447 1318 495 mBV.
1581 442 1757 505 sicuti]
1801 446 1862 499 K,
1908 443 2041 491 sicut
2083 439 2273 491 othere·
2536 441 2629 502 est]
2679 446 2727 489 et
2776 443 2830 490 σ.

518 525 926 589 perversissimis]
952 526 1273 588 prauissimis
1304 523 1389 581 3¹,
1416 524 1822 586 pentem-seimus
1853 527 1913 572 N.
2108 521 2317 582 salsum]
2340 520 2535 584 salsum
2565 524 2615 571 Ζ.

419 622 499 685 ‘80
621 621 803 672 XXIX.
876 622 1072 685 ecquos]
1117 627 1167 670 et
1206 636 1327 684 quos
1366 624 1612 686 ΒΕΚΙΙΓΥ1
1645 618 1978 682 throughout,
2020 617 2126 668 and
2161 623 2200 668 1.
2230 617 2368 677 here,
2417 632 2539 681 quos
2576 625 2626 667 et
2656 622 2716 676 N.
2762 619 2835 668 ad

524 716 646 765 quos
679 705 732 759 0,
765 708 814 750 et
846 716 944 764 quo
977 705 1034 761 Β,
1073 707 1123 750 et
1154 701 1303 764 quasi
1332 705 1394 751 Υ.
1634 701 1712 762 at]
1744 715 1805 749 ac
1837 704 1989 757 BHG,
2022 705 2114 748 aut
2145 702 2205 749 Υ.
2446 700 2643 761 ecquos]
2675 714 2753 748 eos
2784 703 2824 760 1,

523 796 692 831 caecos
711 785 765 841 1.,
792 788 843 831 et
874 796 993 844 quos
1026 785 1163 841 HGE,
1197 795 1331 831 eccos
1355 785 1419 831 Υ.
1582 780 1812 843 naevum]
1843 781 2080 828 naeuium
2111 783 2173 835 H,
2204 792 2383 827 neuwn
2410 782 2471 828 Υ.
2635 782 2832 842 ecquos]

524 876 671 925 equos
701 866 754 913 1..
947 863 1089 925 silos]
1112 863 1254 925 filios
1287 866 1337 913 0.
1538 862 1678 923 num]
1709 862 1839 909 unde
1872 863 1933 922 H,
1968 874 2068 909 non
2098 863 2200 916 RV.
2232 862 2339 908 text
2366 862 2446 924 Υι.
2657 862 2830 923 etiam]

524 951 573 993 et
617 949 670 995 0.
950 959 1055 994 una
1099 951 1175 995 est
1218 946 1435 993 omnium
1473 945 1662 1007 facies]
1717 949 1791 992 est
1835 956 1937 994 om.
1976 946 2039 1002 H,
2088 956 2212 991 omn.
2258 942 2368 1003 sac.
2412 947 2486 991 est
2529 956 2634 991 una
2671 946 2724 1000 0,
2757 950 2832 992 est

419 1035 496 1094 81
524 1039 627 1073 una
658 1039 785 1076 omn.
813 1025 861 1089 s.
900 1029 999 1075 ΒΥ.
1221 1025 1411 1088 differt]
1444 1025 1598 1085 resert
1628 1028 1688 1074 N.
1910 1024 2054 1085 quid]
2099 1023 2234 1085 quod
2264 1026 2456 1072 mon.
2668 1024 2830 1087 nobis]

524 1107 663 1155 uobis
695 1110 750 1157 Β.
916 1108 1110 1155 nullam
1134 1107 1905 1168 aliam...speciem,..occurrere]
1930 1107 2076 1153 nulla
2104 1106 2744 1167 alia...species...occurrit
2774 1111 2829 1157 0.

488 1220 497 1228 -
525 1189 757 1251 hominis]
778 1190 933 1237 omnis
954 1193 1009 1245 B,
1035 1191 1125 1238 has
1144 1194 1197 1241 1..
1354 1190 1627 1252 occurrere]
1649 1191 1902 1238 incurrere
1924 1192 2029 1246 EN,
2052 1190 2319 1238 occurrisse
2340 1193 2420 1254 Vl.
2586 1192 2829 1254 tamenne]

524 1274 584 1329 Β,
620 1277 782 1320 tumne
814 1275 870 1329 B,
905 1278 1009 1321 tam
1038 1286 1099 1320 ne
1131 1275 1195 1329 E,
1230 1277 1396 1321 tamen
1426 1275 1480 1322 0.
1681 1273 1804 1334 ista]
1837 1273 1986 1321 istam
2016 1276 2070 1322 Β.
2296 1273 2546 1336 defendes]
2577 1278 2632 1330 1..
2665 1275 2829 1337 desen·

523 1354 642 1402 dens
664 1352 735 1404 an
757 1352 931 1403 others
951 1359 1129 1415 except
1150 1353 1432 1416 defenderes
1453 1357 1510 1404 Υ.
1679 1355 1776 1416 sic]
1799 1357 1851 1411 Ο,
1873 1355 1920 1401 si
1940 1357 1979 1402 B
2002 1352 2106 1402 and
2128 1353 2315 1405 others.
2486 1356 2635 1417 dicis]
2657 1356 2829 1406 dicitis

523 1439 582 1485 1⁸.
781 1452 816 1485 a
839 1437 1017 1499 parvis
1052 1437 1203 1499 enim]
1235 1438 1528 1498 apparuisse
1560 1441 1610 1486 z.
1827 1436 2086 1498 Iunonem]
2120 1450 2221 1486 om.
2259 1442 2313 1486 B.
2527 1439 2829 1501 Apollinem]

523 1518 649 1578 App.
684 1520 799 1569 nn.
998 1516 1335 1579 reliquosque]
1368 1519 1486 1573 ΠΒ,
1521 1523 1569 1564 et
1603 1517 1822 1578 reliquos
1854 1520 1952 1574 NG,
1984 1518 2201 1579 reliquos
2234 1515 2424 1568 others.
2622 1521 2828 1580 vestitu]

524 1604 676 1659 atque
721 1598 909 1646 uestitu
937 1600 997 1646 Υ.
1231 1596 1490 1658 barbaria]
1537 1597 1793 1645 barbaries
1839 1600 1954 1648 tm.
2176 1596 2450 1658 firmiores]
2483 1597 2730 1659 firmioris
2766 1602 2822 1648 Β.

421 1694 498 1752 32
524 1678 715 1740 videas]
746 1679 888 1727 uides
920 1680 981 1726 H.
1179 1676 1422 1738 spoliata]
1455 1676 1712 1738 expoliata
1745 1678 1902 1725 mov.
2097 1676 2272 1724 ablata
2303 1676 2546 1739 videmia]
2576 1677 2682 1727 uid.
2720 1679 2821 1729 abl.

525 1773 626 1808 esse
659 1763 711 1817 G,
744 1759 844 1808 abl.
884 1759 1102 1807 uidimus
1133 1761 1195 1807 Β.
1391 1772 1454 1806 ne
1487 1759 1674 1821 fando]
1720 1762 1820 1814 ΒΚ,
1853 1758 2169 1820 nephandum
2199 1762 2375 1808 HGVO.
2576 1760 2827 1823 auditum]

523 1844 580 1900 Β,
613 1843 793 1891 auditu
823 1846 1016 1893 ΚΜΟΒ.
1280 1841 1596 1902 crocodilum]
1643 1841 1960 1889 crocodillum
1990 1843 2107 1904 BV„
2157 1840 2475 1889 cocodrillum
2505 1844 2634 1898 ΗῙΥ,
2667 1856 2828 1890 corco-

525 1922 731 1971 drillum
749 1926 802 1979 1„
836 1922 1218 1985 quoquodrilum
1238 1924 1294 1980 0,
1328 1921 1674 1970 crocrodillum
1695 1923 1754 1978 N,
1788 1920 2136 1969 crocodrillum
2157 1923 2207 1970 0.
2359 1921 2503 1983 ibim]
2540 1922 2616 1969 ibi
2636 1926 2688 1979 1.,
2717 1923 2828 1971 ibin

525 2007 618 2054 ΟΒ.
805 2006 1019 2069 faelem]
1051 2003 1272 2063 mm,
1298 2004 1507 2066 secelem
1537 2006 1592 2063 B,
1620 2003 1800 2064 fadem
1829 2006 1871 2059 1,
1897 2003 2060 2065 sellen
2092 2006 2144 2061 c,
2170 2003 2347 2065 sellem
2377 2007 2436 2063 Υ,
2465 2005 2620 2067 selem
2651 2004 2828 2055 others

525 2085 762 2151 (Corssen
793 2101 832 2139 1.
871 2087 1003 2153 144).
1182 2087 1451 2150 Aeyyptio]
1482 2092 1696 2148 aeqypto
1729 2088 1951 2143 Bmtov,
1986 2088 2152 2147 eyipto
2184 2090 2278 2136 No.
2482 2089 2632 2149 Apim
2659 2089 2826 2152 illum]

522 2170 659 2229 apud
700 2172 893 2219 nullum
935 2175 991 2230 Β,
1038 2171 1176 2233 apud
1218 2171 1365 2219 illum
1394 2173 1457 2226 H,
1502 2169 1792 2231 Apimulum
1834 2172 1895 2225 K,
1943 2170 2081 2230 Apin
2123 2170 2269 2217 illum
2300 2174 2358 2221 Β.
2579 2174 2825 2235 sanctum]

520 2254 883 2301 sanctissimum
914 2256 974 2304 K.
1195 2252 1358 2314 deum]
1390 2252 1591 2300 deorum
1619 2254 1672 2301 Β.
1892 2252 2008 2313 tibi]
2041 2264 2143 2302 om.
2182 2256 2237 2304 0.
2448 2256 2683 2317 vestram]
2715 2270 2826 2305 nos-

522 2336 652 2380 tram
681 2336 821 2393 ΗΟΥ,
856 2336 964 2383 text
986 2336 1065 2400 Υι.
1267 2331 1434 2393 hasta]
1467 2337 1583 2380 asta
1610 2334 1650 2380 B
1673 2328 1795 2396 (and
1816 2328 1873 2379 in
1894 2332 1922 2391 5
1945 2329 2059 2395 101)
2082 2334 2177 2382 Π..
2376 2335 2591 2397 scutulo]
2621 2337 2826 2386 stimulo

521 2415 574 2462 0.
772 2414 1029 2476 repandis]
1075 2413 1371 2476 reparandis
1403 2415 1524 2469 ῙΟΥ,
1557 2412 1867 2473 reparandas
1899 2414 1958 2461 N.
2158 2412 2342 2474 Aryia]
2386 2414 2608 2472 mv,
2641 2418 2826 2477 aryiua

520 2492 764 2560 3¹1?er
962 2495 1267 2557 Lanuvinis]
1307 2496 1530 2543 lanuinis
1561 2498 1617 2551 Β,
1654 2496 1866 2543 lauiniis
1897 2498 2082 2553 men,
2118 2496 2355 2544 lanicinis
2390 2495 2491 2560 (nic
2523 2496 2731 2547 marked
2762 2513 2826 2547 as

520 2572 775 2638 spurious)
830 2578 891 2633 Κ,
943 2576 1118 2624 latinis
1166 2579 1319 2639 mv„
1371 2575 1561 2622 lauinis
1607 2580 1656 2621 et
1703 2574 1904 2636 quidem
1957 2574 2069 2623 alia
2124 2574 2349 2624 lanuinis
2397 2579 2466 2635 Π,
2519 2577 2708 2626 lauinis
2756 2583 2816 2629 Υ.

517 2655 767 2702 Ammonis
798 2654 955 2718 Iovis]
1002 2659 1064 2713 Κ,
1105 2654 1352 2706 hammoni
1393 2656 1549 2703 sionis
1584 2657 1639 2712 Β,
1687 2654 1909 2703 hamonis
1942 2654 2082 2702 Iouis
2115 2657 2239 2719 HV„
2272 2654 2475 2703 Anionis
2507 2656 2648 2704 Iouis
2679 2661 2815 2718 niv,

517 2733 786 2783 Hannonis
818 2736 958 2784 Iouis
992 2739 1042 2787 ῦ.

415 2838 452 2896 g
458 2838 493 2896 3
615 2823 773 2875 XXX.
836 2826 1018 2887 pudet]
1047 2826 1213 2888 pudor
1241 2828 1296 2875 B.
1560 2822 1956 2885 venatoremque]
1993 2828 2425 2885 veneratoremque
2457 2828 2562 2883 ΗΥ,
2596 2829 2704 2876 text
2734 2832 2813 2894 V„

516 2907 959 2969 uentilatoremque
992 2912 1061 2964 Μ,
1094 2907 1568 2968 uentilacionemque
1604 2909 1654 2955 ῦ.
1822 2904 2045 2965 imbutis]
2077 2904 2310 2952 inhibitis
2342 2908 2396 2954 0.
2573 2908 2819 2972 Neptuni]

517 2989 789 3050 Neptumni
821 2992 927 3050 HR,
960 2990 1163 3051 nuptini
1184 2993 1253 3042 Κ.
1486 2988 1697 3036 Athenis
1744 2986 2026 3047 laudamus]
2068 2990 2149 3052 Vl,
2186 2988 2446 3038 laudamus
2478 3006 2579 3040 esse
2610 2994 2822 3041 Athenis

516 3073 866 3132 nmmum,
900 3072 1158 3120 laudamus
1188 3072 1385 3120 athenis
1414 3084 1514 3119 esse
1544 3073 1585 3129 1,
1613 3071 1810 3119 athenis
1842 3071 2101 3118 laudamus
2131 3085 2231 3119 esse
2252 3075 2310 3122 Υ.
2509 3075 2820 3138 Alcamenes]

515 3154 767 3203 Alcmenes
816 3157 967 3212 Bm,
1022 3155 1296 3203 Alcimenes
1350 3156 1449 3210 HG,
1500 3153 1777 3202 Atrimenes
1819 3157 1861 3211 1,
1911 3154 2241 3203 Alcimenides
2294 3159 2354 3213 N,
2403 3157 2711 3206 Alehimenes
2757 3162 2818 3215 Υ,

514 3238 835 3286 Alchamenes
863 3241 940 3301 Vl.
1142 3235 1215 3300 et]
1251 3243 1303 3286 ut
1336 3239 1438 3286 HN.
1631 3236 1852 3298 facimus
1883 3240 1934 3291 z,
1969 3239 2147 3298 except
2168 3237 2378 3299 facinus
2410 3242 2451 3298 1,
2480 3239 2734 3300 faciamus
2759 3244 2811 3289 0.

411 3335 491 3396 34
516 3323 573 3366 ut
606 3316 683 3378 tu]
716 3330 817 3367 om.
856 3320 911 3374 0,
948 3322 1004 3365 tu
1035 3329 1138 3366 om.
1176 3319 1238 3365 H.
1463 3315 1703 3376 Velleius]
1735 3316 1865 3364 velei
1897 3319 1994 3366 No.
2232 3318 2434 3380 Africa]
2465 3319 2646 3380 affrica
2677 3322 2812 3369 ΒσΥ.

514 3399 718 3460 nostris]
749 3399 929 3446 uestris
960 3402 1019 3458 Υ,
1058 3412 1158 3448 om.
1197 3402 1249 3448 0.
1430 3398 1574 3460 quid]
1608 3400 1719 3460 quis
1752 3402 1807 3449 Β.
1989 3399 2166 3461 plura]
2191 3401 2419 3462 plurima
2452 3405 2502 3452 ῦ.
2687 3403 2822 3464 quod

513 3479 745 3540 nescires]
781 3481 880 3535 ΒΚ,
917 3491 1044 3540 quae
1081 3478 1315 3526 nescieris
1352 3480 1457 3534 ΗΥ,
1488 3478 1619 3540 quod
1654 3479 1889 3526 nescieris
1925 3481 2114 3528 UXOR..
2316 3480 2638 3543 effutientem]
2670 3483 2817 3543 effici·

410 3577 488 3636 35
515 3569 673 3611 entem
705 3563 923 3618 mcv,
962 3562 1072 3609 text
1099 3563 1178 3625 V„
1333 3560 1608 3622 fruentem]
1629 3562 1868 3623 fluentem
1902 3565 1957 3610 Β.
2110 3563 2170 3611 in
2202 3563 2331 3624 eius]
2363 3564 2461 3611 mei
2490 3565 2548 3611 B.
2705 3563 2819 3626 nec]

514 3659 575 3693 ne
603 3648 656 3694 Β.
858 3643 1070 3691 humano
1104 3641 1238 3704 visu]
1274 3644 1486 3692 humano
1514 3657 1611 3691 usu
1641 3647 1781 3700 HVO,
1814 3646 2032 3692 humana
2061 3645 2223 3706 specie
2258 3648 2311 3701 ο,
2341 3646 2456 3693 visu
2484 3658 2585 3694 om.
2621 3643 2810 3694 others.

515 3726 611 3774 tali
645 3725 838 3786 aliquo]
876 3724 1055 3785 aliqua
1094 3725 1190 3771 tali
1229 3726 1279 3774 0.
1512 3724 1593 3771 ita
1622 3724 1937 3784 persuasum]
1976 3725 2055 3772 ita
2090 3737 2190 3773 om.
2229 3727 2326 3773 ΚΟ.
2543 3726 2818 3786 sapienter]

512 3806 754 3866 sapientis
787 3807 869 3854 m.
1071 3804 1179 3865 hoc]
1217 3804 1275 3851 in
1297 3802 1384 3852 hoc
1407 3806 1459 3854 0.
1661 3803 1770 3864 eqo]
1806 3816 1918 3862 erqo
1948 3806 2183 3862 ΒΗΜΠΥ,
2212 3805 2322 3852 text
2340 3806 2418 3868 Υι.
2619 3805 2817 3866 siyilla]

511 3888 713 3948 singula
748 3891 878 3943 Hm,
923 3891 974 3934 et
1015 3886 1217 3946 singula
1260 3888 1311 3934 0.
1523 3884 1830 3945 venerantes]
1876 3891 2186 3933 numerantes
2219 3889 2266 3935 2.
2482 3885 2818 3948 offensionem]

512 3970 774 4031 offensione
818 3972 915 4018 ΒΚ.
1162 3966 1561 4029 Atheniensium]
1604 3980 1706 4016 om.
1757 3970 1807 4016 ῦ.
2052 3967 2267 4029 selectis]
2309 3970 2409 4024 ΒΚ,
2455 3968 2625 4016 electis
2667 3971 2810 4020 m.

511 4051 794 4113 sententiis]
831 4050 924 4098 GR
962 4047 1002 4113 (2
1028 4048 1232 4112 Graece)
1271 4047 1399 4097 adds
1433 4051 1487 4100 Β.
1685 4051 1843 4111 κυρίας
1881 4048 2037 4111 δόξας]
2073 4050 2261 4097 alerias
2295 4052 2356 4110 N,
2398 4049 2722 4112 cyriasdexas
2753 4054 2817 4108 Υ,

512 4132 680 4195 cyrias
712 4131 865 4180 doxae
894 4135 958 4196 Υ1
990 4131 1092 4180 and
1126 4130 1315 4180 others.
1510 4133 1699 4194 prima]
1726 4134 1872 4193 prior
1901 4135 1958 4181 V.

610 4218 794 4270 XXXI.
864 4222 1091 4282 inscitia]
1124 4222 1308 4271 inscita
1334 4224 1390 4278 Β,
1422 4222 1626 4269 iustitia
1659 4225 1698 4283 1,
1738 4222 2005 4270 inscientia
2040 4224 2100 4276 K,
2128 4221 2281 4282 plane
2318 4217 2486 4269 before
2519 4219 2725 4269 inscitia
2757 4224 2812 4273 0.
