3150 4700
468 260 550 324 26
1237 274 1331 324 nn
1373 274 1657 325 mrum
1700 276 2007 329 nnonmt.

382 460 387 467 ·
464 419 650 486 video
693 441 980 506 pugnare
1022 426 1109 499 te,
1153 419 1395 504 species
1438 427 1515 485 ut
1551 420 1874 505 ‚quaedam
1919 422 2004 488 sit
2054 422 2340 503 deorum,
2388 445 2556 510 quae
2606 424 2770 489 nihil

464 522 744 587 concreti
800 521 1054 599 habeat,
1113 521 1279 586 nihil
1337 521 1541 600 solidi,
1599 521 1765 587 nihil
1819 524 2121 608 expressi,
2179 524 2344 590 nihil
2402 527 2768 607 eminentis,

463 625 675 710 sitque
732 645 911 709 pura,
968 623 1144 703 levis,
1200 622 1548 707 perlucida.
1632 623 1943 690 Dicemus
1985 624 2188 712 igitur
2229 626 2426 712 idem,
2477 629 2650 715 quod
2697 630 2770 695 in

465 728 714 793 Venere
744 727 904 793 Coa:
947 747 1175 812 corpus
1202 725 1366 792 illud
1403 748 1535 792 non
1574 734 1697 806 est,
1739 726 1854 793 sed
1896 727 2105 795 simile
2156 730 2449 815 corporis,
2495 754 2613 797 nec
2656 732 2768 798 ille

463 831 644 895 fusus
673 837 742 894 et
770 829 1039 895 candore
1068 828 1314 894 mixtus
1342 828 1537 894 rubor
1563 830 1827 915 sanguis
1859 839 1978 910 est,
2005 831 2117 897 sed
2153 833 2472 918 quaedam
2512 835 2767 921 sangui-
2837 855 2873 916 5

462 934 565 998 nis
601 932 983 1011 similitudo;
1022 931 1115 996 sic
1157 930 1229 996 in
1278 930 1597 1017 Epicureo
1644 931 1766 998 deo
1812 953 1942 998 non
1989 954 2110 1013 res,
2158 933 2273 999 sed
2315 934 2770 1003 similitudines
2827 931 2836 939 ’

462 1058 676 1102 rerum
706 1057 858 1102 esse.
946 1035 1075 1101 Fac
1101 1034 1190 1113 id,
1218 1036 1391 1120 quod
1420 1056 1504 1101 ne
1532 1035 1829 1122 intellegi
1872 1036 2136 1122 quidem
2175 1047 2407 1124 potest,
2438 1040 2602 1106 mihi
2632 1062 2770 1108 esse

463 1160 873 1223 persuasum3
939 1137 1095 1203 cedo
1144 1137 1311 1202 mihi
1358 1136 1631 1205 istorum
1689 1138 2216 1207 adumbratorum
2265 1141 2532 1208 deorum
2579 1143 2770 1209 linia-

461 1249 686 1307 menta
710 1249 907 1326 atque
933 1239 1185 1306 formas.

362 1358 438 1418 '76
593 1343 661 1408 N
664 1364 746 1408 on
788 1343 970 1408 deest
1009 1343 1131 1408 hoc
1171 1343 1311 1409 loco
1352 1342 1540 1429 copia
1587 1343 1933 1424 rationum,
1984 1343 2223 1431 quibus
2277 1345 2504 1414 docere
2553 1348 2768 1415 velitis
2797 1371 2874 1410 10

463 1445 779 1510 humanas
806 1467 945 1511 esse
976 1446 1211 1511 formas
1237 1445 1530 1527 deorum3
1573 1446 1857 1532 primum
1886 1447 2059 1532 quod
2092 1447 2188 1513 ita
2218 1448 2307 1514 sit
2349 1448 2766 1536 informatum

461 1548 1015 1634 anticipatumque
1039 1548 1368 1613 mentibus
1400 1548 1650 1624 nostris,
1675 1556 1752 1614 ut
1779 1547 2045 1630 homini,
2074 1571 2222 1615 cum
2251 1550 2333 1616 de
2361 1550 2481 1616 deo
2509 1553 2768 1638 cogitet,

460 1652 666 1716 forma
700 1658 986 1716 occurrat
1028 1650 1315 1716 humana
1322 1675 1339 1731 3
1382 1650 1617 1716 deinde
1660 1651 1852 1738 quod,
1889 1652 2195 1738 quoniam
2237 1654 2430 1720 rebus
2468 1657 2768 1724 omnibus

462 1753 734 1819 excellat
770 1761 1002 1818 natura
1038 1753 1275 1828 divina,
1313 1755 1517 1819 forma
1560 1775 1816 1841 quoque
1858 1776 1996 1820 esse
2043 1755 2474 1842 pulcherrima
2517 1758 2767 1837 debeat,

462 1880 582 1924 nec
610 1880 747 1923 esse
786 1858 1073 1923 humana
1108 1855 1311 1922 ullam
1344 1855 1805 1942 pulchriorem3
1852 1856 2112 1922 tertiam
2150 1858 2466 1924 rationem
2503 1859 2760 1938 affertis,
2794 1884 2821 1923 1
2833 1882 2868 1944 ς

362 1979 439 2040 '7¹7
466 1961 634 2046 quod
665 1960 845 2026 nulla
870 1960 998 2025 alia
1034 1959 1240 2051 figura
1278 1958 1674 2025 domicilium
1715 1960 1952 2025 mentis
1993 1981 2130 2026 esse
2172 1961 2387 2045 possit.
2473 1962 2762 2028 Primum

464 2063 665 2150 igitur
690 2061 967 2148 quicque
996 2060 1325 2125 considera
1352 2061 1542 2145 quale
1571 2060 1685 2141 sit;
1730 2061 2008 2147 arripere
2048 2061 2224 2126 enim
2251 2061 2416 2127 mihi
2453 2062 2762 2128 videmini

462 2165 648 2251 quasi
689 2173 901 2229 vestro
934 2163 1083 2249 jure
1133 2185 1270 2228 rem
1319 2163 1498 2228 nullo
1547 2163 1739 2229 modo
1788 2162 2198 2248 probabilem.
2291 2164 2574 2231 Omnino
2618 2166 2762 2252 quis

462 2276 600 2333 tam
629 2288 852 2333 caecus
880 2267 949 2331 in
977 2266 1482 2352 contemplandis
1509 2266 1703 2332 rebus
1729 2288 2041 2353 umquam
2069 2267 2211 2345 fuit,
2239 2276 2318 2332 ut
2353 2290 2484 2334 non
2513 2269 2761 2335 videret

462 2372 705 2457 species
732 2371 888 2436 istas
916 2369 1254 2436 hominum
1284 2371 1547 2436 collatas
1574 2370 1646 2435 in
1674 2370 1825 2436 deos
1853 2379 1969 2437 aut
1997 2371 2257 2437 consilio
2285 2373 2566 2458 quodam
2594 2375 2758 2461 sapi·
2789 2401 2869 2441 20

463 2473 730 2549 entium,
761 2495 889 2559 quo
931 2472 1181 2537 facilius
1222 2472 1471 2538 animos
1511 2472 1955 2557 imperitorum
1997 2472 2081 2537 ad
2124 2473 2388 2539 deorum
2431 2474 2678 2540 cultum
2720 2499 2762 2542 a

462 2577 633 2640 vitae
662 2575 975 2661 pravitate
1017 2582 1476 2651 converterent,
1521 2583 1638 2640 aut
1679 2574 2147 2661 superstitione,
2187 2583 2266 2641 ut
2306 2586 2521 2643 essent
2562 2578 2760 2645 simu·

461 2677 648 2755 lacra,
674 2700 841 2763 quae
869 2685 1247 2742 venerantes
1277 2675 1429 2742 deos
1455 2673 1626 2763 ipsos
1654 2698 1723 2742 se
1758 2677 1937 2743 adire
1965 2677 2334 2746 crederent?
2417 2679 2760 2748 Auxerunt

381 2843 405 2872 ⁶
461 2787 682 2845 autem
738 2780 896 2845 haec
952 2780 1179 2845 eadem
1229 2785 1480 2864 poetae,
1527 2780 1820 2866 pictores,
1868 2779 2164 2865 opifices;
2222 2790 2364 2847 erat
2408 2784 2583 2849 enim
2628 2806 2758 2850 non

461 2883 645 2949 facile
687 2891 953 2969 agentes
995 2882 1241 2969 aliquid
1280 2889 1348 2948 et
1392 2883 1731 2948 molientes
1777 2882 1929 2947 deos
1974 2882 2046 2947 in
2094 2883 2365 2950 aliarum
2409 2885 2753 2952 formarum
2789 2909 2821 2949 2
2828 2906 2863 2969 5

460 2985 821 3050 imitatione
868 3006 1133 3050 servare.
1224 2983 1512 3049 Accessit
1567 2983 1768 3049 etiam
1813 2983 1941 3049 ista
1990 2984 2205 3068 opinio
2249 2985 2531 3064 fortasse,
2584 2987 2758 3072 quod

462 3089 707 3155 homini
746 3087 1006 3153 homine
1041 3086 1371 3173 pulchrius
1407 3085 1575 3151 nihil
1602 3085 1916 3153 videatur.
2002 3085 2137 3152 Sed
2176 3094 2253 3152 tu
2296 3086 2435 3166 hoc,
2478 3088 2756 3173 physice,

459 3215 591 3257 non
617 3191 816 3269 vides,
847 3212 1042 3275 quam
1070 3189 1306 3254 blanda
1348 3186 1742 3253 conciliatrix
1771 3195 1841 3252 et
1868 3187 2052 3272 quasi
2081 3186 2182 3253 sui
2209 3188 2295 3253 sit
2316 3187 2464 3254 lena
2490 3195 2761 3256 natura?

462 3295 570 3358 An
597 3303 789 3379 putas
814 3293 1015 3358 ullam
1045 3313 1182 3357 esse
1211 3300 1383 3356 terra
1410 3290 1703 3374 marique
1731 3288 2008 3365 beluam
2031 3311 2199 3375 quae
2225 3310 2358 3355 non
2385 3291 2486 3355 sui
2505 3291 2758 3377 generis

459 3398 652 3464 belua
677 3396 958 3462 maxime
987 3394 1373 3461 delectetur?
1458 3392 1648 3475 Quod
1686 3392 1760 3457 ni
1795 3393 1893 3458 ita
1933 3400 2122 3476 esset,
2164 3414 2280 3459 cur
2318 3415 2450 3459 non
2491 3395 2759 3481 gestiret
2786 3428 2870 3485 30

556 3578 590 3630 6
620 3592 698 3630 res
718 3577 833 3627 Aac.
855 3581 914 3638 v,
939 3590 1041 3626 rem
1060 3589 1158 3625 uss
1179 3573 1267 3624 Or.
1288 3573 1384 3624 Ba.
1610 3573 1675 3622 11
1703 3574 2082 3624 tit—mentibu·
2100 3587 2206 3623 om.
2226 3577 2287 3625 B.
2433 3575 2758 3638 infamatum

457 3660 588 3723 X÷,
623 3661 684 3709 in
703 3662 873 3723 somna
904 3657 1102 3706 deorum
1130 3656 1251 3706 Aac.
1279 3654 1392 3705 VU-
1624 3654 1690 3704 12
1720 3656 2147 3718 anticipatum&
2178 3656 2386 3718 amu,
2421 3656 2758 3718 anticipatum

458 3754 558 3790 uss
578 3738 850 3802 generally,
876 3751 981 3787 orn.
1004 3736 1093 3787 Or.
1115 3736 1211 3786 Ba.
1328 3736 1389 3785 de
1409 3735 1498 3785 deo
1517 3732 1569 3784 X
1589 3734 1745 3796 Mus„
1770 3736 1914 3785 deum
1932 3734 2051 3785 Aac.
2071 3734 2157 3783 El.
2179 3733 2362 3788 UG4.
2539 3734 2602 3784 13
2621 3738 2758 3798 quod

459 3825 697 3887 quom'am
734 3820 958 3878 Walker,
1002 3820 1240 3882 quoniam
1276 3818 1412 3881 quod
1451 3820 1512 3877 R,
1558 3817 1695 3879 quod
1740 3814 1887 3877 Rea,
1939 3822 2000 3864 ut
2048 3817 2287 3878 quoniam
2333 3828 2432 3865 uss
2477 3816 2756 3879 generally.

464 3903 526 3954 16
559 3903 911 3966 quod—pouit
938 3900 1043 3963 [Β],
1064 3900 1228 3963 pouit
1248 3898 1380 3960 quod
1404 3894 1755 3949 mmmm.
1883 3896 2029 3945 malla
2048 3897 2160 3944 alia
2183 3908 2280 3945 uss
2307 3895 2584 3959 generally,
2609 3898 2757 3948 mlta

458 3985 520 4034 in
551 3984 662 4032 alia
691 3980 822 4035 134.
1036 3981 1099 4032 17
1131 3980 1344 4042 quicque
1366 3976 1514 4040 [BR
1540 3976 1788 4039 quicquid
1816 3988 1916 4025 uss
1945 3973 2221 4036 generally.
2364 3974 2750 4039 coruidemBE,

458 4063 737 4113 consideras
770 4058 855 4108 Ao
889 4059 1044 4120 Mus„
1079 4059 1432 4108 comideremm
1462 4060 1502 4107 1.
1529 4055 1701 4106 Klotz.
1893 4055 1960 4104 18
1989 4056 2186 4105 omnino
2215 4052 2351 4116 edd„
2386 4055 2604 4105 omnim
2633 4069 2750 4120 xm,

457 4145 640 4192 etenim
657 4139 850 4193 Heind.
1071 4139 1135 4191 27
1165 4139 1398 4187 videam
1417 4148 1515 4186 uss
1536 4150 1621 4186 see
1640 4135 1860 4197 Gomm„
1882 4136 2084 4185 videtur
2104 4134 2192 4185 Or.
2212 4134 2325 4196 130„
2348 4136 2614 4186 videbatur
2634 4135 2754 4187 Βοὴ.

458 4223 571 4275 Mn.
765 4215 2643 4284 aeqfflndlofflosenquammixasmotmquoenwllicitauiv.
2735 4237 2742 4248 ·
