<?xml version="1.0" encoding="UTF-8"?>
<!DOCTYPE html PUBLIC "-//W3C//DTD XHTML 1.0 Transitional//EN"
    "http://www.w3.org/TR/xhtml1/DTD/xhtml1-transitional.dtd">
<html xmlns="http://www.w3.org/1999/xhtml" xml:lang="en" lang="en">
 <head>
  <title>
</title>
<meta http-equiv="Content-Type" content="text/html;charset=utf-8" />
  <meta name='ocr-system' content='tesseract 3.04.00' />
  <meta name='ocr-capabilities' content='ocr_page ocr_carea ocr_par ocr_line ocrx_word'/>
</head>
<body>
  <div class='ocr_page' id='page_1' title='image "./mtulliiciceroni131cicegoog_0102.png"; bbox 0 0 3150 4700; ppageno 0'>
   <div class='ocr_carea' id='block_1_1' title="bbox 455 249 1988 313">
    <p class='ocr_par' dir='ltr' id='par_1_1' title="bbox 455 249 1988 313">
     <span class='ocr_line' id='line_1_1' title="bbox 455 249 1988 313; baseline 0.002 -3"><span class='ocrx_word' id='word_1_1' title='bbox 455 249 541 310; x_wconf 81' lang='lat'><strong>30</strong></span> <span class='ocrx_word' id='word_1_2' title='bbox 1212 260 1309 311; x_wconf 73' lang='lat' dir='ltr'><strong>mi:</strong></span> <span class='ocrx_word' id='word_1_3' title='bbox 1349 258 1637 313; x_wconf 69' lang='lat' dir='ltr'><strong>rurum</strong></span> <span class='ocrx_word' id='word_1_4' title='bbox 1678 260 1988 313; x_wconf 67' lang='lat' dir='ltr'><strong>DEORUM.</strong></span> 
     </span>
    </p>
   </div>
   <div class='ocr_carea' id='block_1_2' title="bbox 450 405 2749 793">
    <p class='ocr_par' dir='ltr' id='par_1_2' title="bbox 450 405 2749 793">
     <span class='ocr_line' id='line_1_2' title="bbox 452 405 2746 492; baseline 0.001 -22"><span class='ocrx_word' id='word_1_5' title='bbox 452 405 956 473; x_wconf 73' lang='lat' dir='ltr'><strong>Atheniensium</strong></span> <span class='ocrx_word' id='word_1_6' title='bbox 1013 405 1292 487; x_wconf 81' lang='lat' dir='ltr'><strong>caderet,</strong></span> <span class='ocrx_word' id='word_1_7' title='bbox 1347 406 1561 473; x_wconf 86' lang='lat' dir='ltr'><strong>verbis</strong></span> <span class='ocrx_word' id='word_1_8' title='bbox 1632 406 1970 492; x_wconf 80' lang='lat' dir='ltr'>reliquisse</span> <span class='ocrx_word' id='word_1_9' title='bbox 2037 406 2209 487; x_wconf 88' lang='lat' dir='ltr'><strong>deos,</strong></span> <span class='ocrx_word' id='word_1_10' title='bbox 2265 428 2335 473; x_wconf 88' lang='lat' dir='ltr'><strong>re</strong></span> <span class='ocrx_word' id='word_1_11' title='bbox 2397 406 2746 473; x_wconf 77' lang='lat' dir='ltr'><strong>sustulisse.</strong></span> 
     </span>
     <span class='ocr_line' id='line_1_3' title="bbox 453 507 2749 597; baseline 0.001 -24"><span class='ocrx_word' id='word_1_12' title='bbox 453 507 693 595; x_wconf 83' lang='lat' dir='ltr'><strong>Itaque</strong></span> <span class='ocrx_word' id='word_1_13' title='bbox 718 510 790 574; x_wconf 86' lang='lat' dir='ltr'><strong>in</strong></span> <span class='ocrx_word' id='word_1_14' title='bbox 818 509 950 574; x_wconf 86' lang='lat' dir='ltr'><strong>illis</strong></span> <span class='ocrx_word' id='word_1_15' title='bbox 977 508 1230 575; x_wconf 79' lang='lat' dir='ltr'><strong>selectis</strong></span> <span class='ocrx_word' id='word_1_16' title='bbox 1259 509 1402 596; x_wconf 88' lang='lat' dir='ltr'><strong>ejus</strong></span> <span class='ocrx_word' id='word_1_17' title='bbox 1426 509 1860 597; x_wconf 79' lang='lat' dir='ltr'><strong>brevibusque</strong></span> <span class='ocrx_word' id='word_1_18' title='bbox 1887 511 2248 590; x_wconf 76' lang='lat' dir='ltr'><strong>sententiis,</strong></span> <span class='ocrx_word' id='word_1_19' title='bbox 2275 532 2439 597; x_wconf 81' lang='lat' dir='ltr'><strong>quas</strong></span> <span class='ocrx_word' id='word_1_20' title='bbox 2464 511 2749 597; x_wconf 85' lang='lat' dir='ltr'><strong>appella·</strong></span> 
     </span>
     <span class='ocr_line' id='line_1_4' title="bbox 452 608 2748 697; baseline 0 -22"><span class='ocrx_word' id='word_1_21' title='bbox 452 609 539 675; x_wconf 89' lang='lat' dir='ltr'><strong>tis</strong></span> <span class='ocrx_word' id='word_1_22' title='bbox 569 609 794 697; x_wconf 76' lang='grc' dir='ltr'>κυρίας</span> <span class='ocrx_word' id='word_1_23' title='bbox 837 608 1048 693; x_wconf 75' lang='grc' dir='ltr'><strong><em>δόξας,</em></strong></span> <span class='ocrx_word' id='word_1_24' title='bbox 1075 610 1254 689; x_wconf 84' lang='lat' dir='ltr'><strong>haec,</strong></span> <span class='ocrx_word' id='word_1_25' title='bbox 1294 617 1374 676; x_wconf 90' lang='lat' dir='ltr'><strong>ut</strong></span> <span class='ocrx_word' id='word_1_26' title='bbox 1415 610 1662 697; x_wconf 88' lang='lat' dir='ltr'><strong>opinor,</strong></span> <span class='ocrx_word' id='word_1_27' title='bbox 1705 610 1916 697; x_wconf 86' lang='lat' dir='ltr'><strong>prima</strong></span> <span class='ocrx_word' id='word_1_28' title='bbox 1956 611 2283 678; x_wconf 87' lang='lat' dir='ltr'><strong>sententia</strong></span> <span class='ocrx_word' id='word_1_29' title='bbox 2323 619 2462 677; x_wconf 87' lang='lat' dir='ltr'><strong>est:</strong></span> <span class='ocrx_word' id='word_1_30' title='bbox 2509 609 2748 691; x_wconf 82' lang='lat' dir='ltr'><strong>‘Quod</strong></span> 
     </span>
     <span class='ocr_line' id='line_1_5' title="bbox 450 712 2746 793; baseline 0 -15"><span class='ocrx_word' id='word_1_31' title='bbox 450 712 758 779; x_wconf 87' lang='lat' dir='ltr'><strong>beatum</strong></span> <span class='ocrx_word' id='word_1_32' title='bbox 786 722 867 779; x_wconf 91' lang='lat' dir='ltr'><strong>et</strong></span> <span class='ocrx_word' id='word_1_33' title='bbox 890 713 1317 779; x_wconf 80' lang='lat' dir='ltr'><strong>immortale</strong></span> <span class='ocrx_word' id='word_1_34' title='bbox 1352 720 1485 793; x_wconf 90' lang='lat' dir='ltr'><strong>est,</strong></span> <span class='ocrx_word' id='word_1_35' title='bbox 1510 713 1588 779; x_wconf 87' lang='lat' dir='ltr'><strong>id</strong></span> <span class='ocrx_word' id='word_1_36' title='bbox 1617 735 1757 780; x_wconf 90' lang='lat' dir='ltr'><strong>nec</strong></span> <span class='ocrx_word' id='word_1_37' title='bbox 1793 714 2031 780; x_wconf 85' lang='lat' dir='ltr'><strong>habet</strong></span> <span class='ocrx_word' id='word_1_38' title='bbox 2064 735 2200 780; x_wconf 88' lang='lat' dir='ltr'><strong>nec</strong></span> <span class='ocrx_word' id='word_1_39' title='bbox 2243 715 2556 782; x_wconf 85' lang='lat' dir='ltr'><strong>exhibet</strong></span> <span class='ocrx_word' id='word_1_40' title='bbox 2597 713 2746 780; x_wconf 86' lang='lat' dir='ltr'><strong>cui-</strong></span> 
     </span>
    </p>
   </div>
   <div class='ocr_carea' id='block_1_3' title="bbox 449 816 2948 905">
    <p class='ocr_par' dir='ltr' id='par_1_3' title="bbox 449 816 2948 905">
     <span class='ocr_line' id='line_1_6' title="bbox 449 816 2948 905; baseline -0.001 -24"><span class='ocrx_word' id='word_1_41' title='bbox 449 838 672 901; x_wconf 91' lang='lat' dir='ltr'><strong>quam</strong></span> <span class='ocrx_word' id='word_1_42' title='bbox 702 816 1144 903; x_wconf 87' lang='lat' dir='ltr'><strong>negotium’.</strong></span> <span class='ocrx_word' id='word_1_43' title='bbox 1231 816 1484 883; x_wconf 87' lang='lat' dir='ltr'><strong>XXXI.</strong></span> <span class='ocrx_word' id='word_1_44' title='bbox 1542 816 1626 882; x_wconf 91' lang='lat' dir='ltr'><strong>In</strong></span> <span class='ocrx_word' id='word_1_45' title='bbox 1652 817 1775 884; x_wconf 84' lang='lat' dir='ltr'><strong>hac</strong></span> <span class='ocrx_word' id='word_1_46' title='bbox 1801 817 1899 883; x_wconf 86' lang='lat' dir='ltr'><strong>ita</strong></span> <span class='ocrx_word' id='word_1_47' title='bbox 1925 818 2217 905; x_wconf 83' lang='lat' dir='ltr'><strong>exposita</strong></span> <span class='ocrx_word' id='word_1_48' title='bbox 2243 818 2567 885; x_wconf 88' lang='lat' dir='ltr'><strong>sententia</strong></span> <span class='ocrx_word' id='word_1_49' title='bbox 2593 824 2747 883; x_wconf 84' lang='lat' dir='ltr'><strong>sunt</strong></span> <span class='ocrx_word' id='word_1_50' title='bbox 2815 834 2850 895; x_wconf 84' lang='lat'>5</span> <span class='ocrx_word' id='word_1_51' title='bbox 2942 872 2948 879; x_wconf 88' lang='lat'><strong>.</strong></span> 
     </span>
    </p>
   </div>
   <div class='ocr_carea' id='block_1_4' title="bbox 336 920 2850 3375">
    <p class='ocr_par' dir='ltr' id='par_1_4' title="bbox 449 920 2745 1008">
     <span class='ocr_line' id='line_1_7' title="bbox 449 920 2745 1008; baseline 0.001 -23"><span class='ocrx_word' id='word_1_52' title='bbox 449 920 565 1005; x_wconf 89' lang='lat' dir='ltr'><strong>qui</strong></span> <span class='ocrx_word' id='word_1_53' title='bbox 591 920 981 1001; x_wconf 86' lang='lat' dir='ltr'><strong>existiment,</strong></span> <span class='ocrx_word' id='word_1_54' title='bbox 1008 920 1180 1007; x_wconf 86' lang='lat' dir='ltr'><strong>quod</strong></span> <span class='ocrx_word' id='word_1_55' title='bbox 1223 920 1337 986; x_wconf 86' lang='lat' dir='ltr'><strong>ille</strong></span> <span class='ocrx_word' id='word_1_56' title='bbox 1370 920 1629 987; x_wconf 85' lang='lat' dir='ltr'><strong>inscitia</strong></span> <span class='ocrx_word' id='word_1_57' title='bbox 1669 921 1862 1007; x_wconf 88' lang='lat' dir='ltr'><strong>plane</strong></span> <span class='ocrx_word' id='word_1_58' title='bbox 1896 921 2206 1008; x_wconf 89' lang='lat' dir='ltr'><strong>loquendi</strong></span> <span class='ocrx_word' id='word_1_59' title='bbox 2239 923 2496 1002; x_wconf 87' lang='lat' dir='ltr'><strong>fecerat,</strong></span> <span class='ocrx_word' id='word_1_60' title='bbox 2523 922 2745 988; x_wconf 86' lang='lat' dir='ltr'><strong>fecisse</strong></span> 
     </span>
    </p>

    <p class='ocr_par' dir='ltr' id='par_1_5' title="bbox 343 1024 2850 2135">
     <span class='ocr_line' id='line_1_8' title="bbox 343 1024 2744 1105; baseline 0 -12"><span class='ocrx_word' id='word_1_61' title='bbox 343 1032 424 1093; x_wconf 81' lang='lat'><strong>86</strong></span> <span class='ocrx_word' id='word_1_62' title='bbox 450 1025 780 1105; x_wconf 88' lang='lat' dir='ltr'><strong>consulto;</strong></span> <span class='ocrx_word' id='word_1_63' title='bbox 823 1024 906 1089; x_wconf 91' lang='lat' dir='ltr'><strong>de</strong></span> <span class='ocrx_word' id='word_1_64' title='bbox 933 1024 1197 1089; x_wconf 89' lang='lat' dir='ltr'><strong>homine</strong></span> <span class='ocrx_word' id='word_1_65' title='bbox 1237 1024 1510 1090; x_wconf 88' lang='lat' dir='ltr'><strong>minime</strong></span> <span class='ocrx_word' id='word_1_66' title='bbox 1536 1024 1716 1091; x_wconf 80' lang='lat' dir='ltr'><strong>vafro</strong></span> <span class='ocrx_word' id='word_1_67' title='bbox 1754 1025 1925 1092; x_wconf 85' lang='lat' dir='ltr'><strong>male</strong></span> <span class='ocrx_word' id='word_1_68' title='bbox 1963 1025 2355 1095; x_wconf 84' lang='lat' dir='ltr'><strong>existimant.</strong></span> <span class='ocrx_word' id='word_1_69' title='bbox 2451 1024 2744 1093; x_wconf 86' lang='lat' dir='ltr'><strong>Dubium</strong></span> 
     </span>
     <span class='ocr_line' id='line_1_9' title="bbox 448 1126 2744 1217; baseline -0.001 -23"><span class='ocrx_word' id='word_1_70' title='bbox 448 1137 548 1194; x_wconf 87' lang='lat' dir='ltr'><strong>est</strong></span> <span class='ocrx_word' id='word_1_71' title='bbox 576 1128 768 1207; x_wconf 89' lang='lat' dir='ltr'><strong>enim,</strong></span> <span class='ocrx_word' id='word_1_72' title='bbox 797 1135 1021 1192; x_wconf 88' lang='lat' dir='ltr'><strong>utrum</strong></span> <span class='ocrx_word' id='word_1_73' title='bbox 1059 1126 1233 1192; x_wconf 88' lang='lat' dir='ltr'><strong>dicat</strong></span> <span class='ocrx_word' id='word_1_74' title='bbox 1271 1126 1519 1213; x_wconf 82' lang='lat' dir='ltr'><strong>aliquid</strong></span> <span class='ocrx_word' id='word_1_75' title='bbox 1562 1148 1704 1194; x_wconf 88' lang='lat' dir='ltr'><strong>esse</strong></span> <span class='ocrx_word' id='word_1_76' title='bbox 1740 1127 2008 1217; x_wconf 84' lang='lat' dir='ltr'><strong>beatum</strong></span> <span class='ocrx_word' id='word_1_77' title='bbox 2048 1137 2117 1194; x_wconf 91' lang='lat' dir='ltr'><strong>et</strong></span> <span class='ocrx_word' id='word_1_78' title='bbox 2155 1128 2521 1194; x_wconf 78' lang='lat' dir='ltr'><strong>immortale</strong></span> <span class='ocrx_word' id='word_1_79' title='bbox 2554 1150 2657 1207; x_wconf 88' lang='lat' dir='ltr'><strong>an,</strong></span> <span class='ocrx_word' id='word_1_80' title='bbox 2686 1126 2744 1192; x_wconf 88' lang='lat' dir='ltr'><strong>si</strong></span> 
     </span>
     <span class='ocr_line' id='line_1_10' title="bbox 445 1228 2742 1317; baseline 0 -22"><span class='ocrx_word' id='word_1_81' title='bbox 445 1230 605 1317; x_wconf 91' lang='lat' dir='ltr'><strong>quid</strong></span> <span class='ocrx_word' id='word_1_82' title='bbox 634 1231 736 1295; x_wconf 85' lang='lat' dir='ltr'><strong>sit.</strong></span> <span class='ocrx_word' id='word_1_83' title='bbox 822 1230 890 1295; x_wconf 88' lang='lat' dir='ltr'>N</span> <span class='ocrx_word' id='word_1_84' title='bbox 892 1251 976 1295; x_wconf 92' lang='lat' dir='ltr'><strong>on</strong></span> <span class='ocrx_word' id='word_1_85' title='bbox 1019 1228 1545 1295; x_wconf 87' lang='lat' dir='ltr'><strong>animadvertunt</strong></span> <span class='ocrx_word' id='word_1_86' title='bbox 1585 1230 1694 1315; x_wconf 71' lang='lat' dir='ltr'><strong>liic</strong></span> <span class='ocrx_word' id='word_1_87' title='bbox 1736 1251 1889 1295; x_wconf 89' lang='lat' dir='ltr'><strong>eum</strong></span> <span class='ocrx_word' id='word_1_88' title='bbox 1922 1230 2226 1317; x_wconf 83' lang='lat' dir='ltr'><strong>ambigue</strong></span> <span class='ocrx_word' id='word_1_89' title='bbox 2264 1231 2555 1296; x_wconf 88' lang='lat' dir='ltr'><strong>locutum</strong></span> <span class='ocrx_word' id='word_1_90' title='bbox 2587 1250 2742 1311; x_wconf 84' lang='lat' dir='ltr'><strong>esse,</strong></span> 
     </span>
     <span class='ocr_line' id='line_1_11' title="bbox 445 1331 2850 1420; baseline -0.002 -22"><span class='ocrx_word' id='word_1_91' title='bbox 445 1332 558 1398; x_wconf 85' lang='lat' dir='ltr'><strong>sed</strong></span> <span class='ocrx_word' id='word_1_92' title='bbox 586 1331 813 1398; x_wconf 90' lang='lat' dir='ltr'><strong>multis</strong></span> <span class='ocrx_word' id='word_1_93' title='bbox 841 1331 987 1398; x_wconf 86' lang='lat' dir='ltr'><strong>aliis</strong></span> <span class='ocrx_word' id='word_1_94' title='bbox 1023 1331 1180 1398; x_wconf 87' lang='lat' dir='ltr'><strong>locis</strong></span> <span class='ocrx_word' id='word_1_95' title='bbox 1208 1340 1278 1397; x_wconf 92' lang='lat' dir='ltr'><strong>et</strong></span> <span class='ocrx_word' id='word_1_96' title='bbox 1304 1332 1494 1397; x_wconf 90' lang='lat' dir='ltr'><strong>illum</strong></span> <span class='ocrx_word' id='word_1_97' title='bbox 1523 1340 1594 1399; x_wconf 90' lang='lat' dir='ltr'><strong>et</strong></span> <span class='ocrx_word' id='word_1_98' title='bbox 1620 1332 2063 1417; x_wconf 84' lang='lat' dir='ltr'><strong>Metrodorum</strong></span> <span class='ocrx_word' id='word_1_99' title='bbox 2100 1341 2238 1399; x_wconf 87' lang='lat' dir='ltr'><strong>tam</strong></span> <span class='ocrx_word' id='word_1_100' title='bbox 2280 1342 2502 1420; x_wconf 88' lang='lat' dir='ltr'><strong>aperte</strong></span> <span class='ocrx_word' id='word_1_101' title='bbox 2544 1353 2741 1419; x_wconf 86' lang='lat' dir='ltr'><strong>quam</strong></span> <span class='ocrx_word' id='word_1_102' title='bbox 2775 1355 2850 1395; x_wconf 89' lang='lat'><strong>10</strong></span> 
     </span>
     <span class='ocr_line' id='line_1_12' title="bbox 445 1433 2742 1523; baseline 0 -23"><span class='ocrx_word' id='word_1_103' title='bbox 445 1436 643 1522; x_wconf 80' lang='lat' dir='ltr'><strong>paulo</strong></span> <span class='ocrx_word' id='word_1_104' title='bbox 681 1443 835 1502; x_wconf 85' lang='lat' dir='ltr'><strong>ante</strong></span> <span class='ocrx_word' id='word_1_105' title='bbox 873 1442 957 1502; x_wconf 84' lang='lat' dir='ltr'><strong>te.</strong></span> <span class='ocrx_word' id='word_1_106' title='bbox 1045 1435 1168 1502; x_wconf 89' lang='lat' dir='ltr'><strong>Ille</strong></span> <span class='ocrx_word' id='word_1_107' title='bbox 1196 1457 1349 1502; x_wconf 80' lang='lat' dir='ltr'><strong>vero</strong></span> <span class='ocrx_word' id='word_1_108' title='bbox 1390 1435 1545 1502; x_wconf 90' lang='lat' dir='ltr'><strong>deos</strong></span> <span class='ocrx_word' id='word_1_109' title='bbox 1587 1457 1726 1502; x_wconf 89' lang='lat' dir='ltr'><strong>esse</strong></span> <span class='ocrx_word' id='word_1_110' title='bbox 1766 1443 1977 1523; x_wconf 91' lang='lat' dir='ltr'><strong>putat,</strong></span> <span class='ocrx_word' id='word_1_111' title='bbox 2004 1458 2125 1502; x_wconf 90' lang='lat' dir='ltr'><strong>nec</strong></span> <span class='ocrx_word' id='word_1_112' title='bbox 2166 1457 2559 1523; x_wconf 80' lang='lat' dir='ltr'><strong>quemquam</strong></span> <span class='ocrx_word' id='word_1_113' title='bbox 2587 1433 2742 1512; x_wconf 84' lang='lat' dir='ltr'><strong>vidi,</strong></span> 
     </span>
     <span class='ocr_line' id='line_1_13' title="bbox 446 1536 2740 1624; baseline 0 -22"><span class='ocrx_word' id='word_1_114' title='bbox 446 1537 562 1622; x_wconf 88' lang='lat' dir='ltr'><strong>qui</strong></span> <span class='ocrx_word' id='word_1_115' title='bbox 588 1538 792 1623; x_wconf 81' lang='lat' dir='ltr'><strong>magis</strong></span> <span class='ocrx_word' id='word_1_116' title='bbox 820 1558 917 1619; x_wconf 86' lang='lat' dir='ltr'><strong>ea,</strong></span> <span class='ocrx_word' id='word_1_117' title='bbox 947 1557 1114 1622; x_wconf 86' lang='lat' dir='ltr'><strong>quae</strong></span> <span class='ocrx_word' id='word_1_118' title='bbox 1156 1536 1452 1603; x_wconf 87' lang='lat' dir='ltr'><strong>timenda</strong></span> <span class='ocrx_word' id='word_1_119' title='bbox 1492 1558 1632 1605; x_wconf 86' lang='lat' dir='ltr'><strong>esse</strong></span> <span class='ocrx_word' id='word_1_120' title='bbox 1667 1544 1951 1624; x_wconf 84' lang='lat' dir='ltr'><strong>negaret,</strong></span> <span class='ocrx_word' id='word_1_121' title='bbox 1981 1537 2260 1616; x_wconf 85' lang='lat' dir='ltr'><strong>timeret,</strong></span> <span class='ocrx_word' id='word_1_122' title='bbox 2289 1546 2565 1604; x_wconf 88' lang='lat' dir='ltr'><strong>mortem</strong></span> <span class='ocrx_word' id='word_1_123' title='bbox 2597 1536 2740 1603; x_wconf 90' lang='lat' dir='ltr'><strong>dico</strong></span> 
     </span>
     <span class='ocr_line' id='line_1_14' title="bbox 445 1640 2738 1723; baseline -0.002 -15"><span class='ocrx_word' id='word_1_124' title='bbox 445 1652 515 1708; x_wconf 91' lang='lat' dir='ltr'><strong>et</strong></span> <span class='ocrx_word' id='word_1_125' title='bbox 554 1642 723 1708; x_wconf 89' lang='lat' dir='ltr'><strong>deos.</strong></span> <span class='ocrx_word' id='word_1_126' title='bbox 811 1641 1066 1723; x_wconf 85' lang='lat' dir='ltr'><strong>Quibus</strong></span> <span class='ocrx_word' id='word_1_127' title='bbox 1107 1640 1458 1706; x_wconf 88' lang='lat' dir='ltr'><strong>mediocres</strong></span> <span class='ocrx_word' id='word_1_128' title='bbox 1501 1640 1796 1706; x_wconf 90' lang='lat' dir='ltr'><strong>homines</strong></span> <span class='ocrx_word' id='word_1_129' title='bbox 1835 1662 1968 1706; x_wconf 90' lang='lat' dir='ltr'><strong>non</strong></span> <span class='ocrx_word' id='word_1_130' title='bbox 2010 1641 2108 1707; x_wconf 87' lang='lat' dir='ltr'><strong>ita</strong></span> <span class='ocrx_word' id='word_1_131' title='bbox 2147 1640 2337 1707; x_wconf 79' lang='lat' dir='ltr'><strong>valde</strong></span> <span class='ocrx_word' id='word_1_132' title='bbox 2378 1649 2738 1719; x_wconf 86' lang='lat' dir='ltr'><strong>moventur,</strong></span> 
     </span>
     <span class='ocr_line' id='line_1_15' title="bbox 443 1741 2739 1828; baseline -0.002 -18"><span class='ocrx_word' id='word_1_133' title='bbox 443 1743 548 1810; x_wconf 87' lang='lat' dir='ltr'><strong>his</strong></span> <span class='ocrx_word' id='word_1_134' title='bbox 575 1743 686 1808; x_wconf 91' lang='lat' dir='ltr'><strong>ille</strong></span> <span class='ocrx_word' id='word_1_135' title='bbox 714 1742 954 1809; x_wconf 86' lang='lat' dir='ltr'><strong>clamat</strong></span> <span class='ocrx_word' id='word_1_136' title='bbox 979 1743 1273 1808; x_wconf 91' lang='lat' dir='ltr'><strong>omnium</strong></span> <span class='ocrx_word' id='word_1_137' title='bbox 1302 1741 1675 1808; x_wconf 84' lang='lat' dir='ltr'><strong>mortalium</strong></span> <span class='ocrx_word' id='word_1_138' title='bbox 1703 1749 1956 1808; x_wconf 81' lang='lat' dir='ltr'><strong>mentes</strong></span> <span class='ocrx_word' id='word_1_139' title='bbox 1983 1764 2121 1808; x_wconf 86' lang='lat' dir='ltr'><strong>esse</strong></span> <span class='ocrx_word' id='word_1_140' title='bbox 2148 1743 2540 1828; x_wconf 89' lang='lat' dir='ltr'><strong>perterritas.</strong></span> <span class='ocrx_word' id='word_1_141' title='bbox 2613 1741 2739 1806; x_wconf 87' lang='lat' dir='ltr'><strong>Tot</strong></span> 
     </span>
     <span class='ocr_line' id='line_1_16' title="bbox 443 1843 2843 1931; baseline 0 -22"><span class='ocrx_word' id='word_1_142' title='bbox 443 1844 627 1909; x_wconf 87' lang='lat' dir='ltr'><strong>milia</strong></span> <span class='ocrx_word' id='word_1_143' title='bbox 667 1843 1146 1919; x_wconf 49' lang='lat' dir='ltr'><strong>latrocinantur,</strong></span> <span class='ocrx_word' id='word_1_144' title='bbox 1171 1850 1380 1909; x_wconf 87' lang='lat' dir='ltr'><strong>morte</strong></span> <span class='ocrx_word' id='word_1_145' title='bbox 1422 1843 1763 1929; x_wconf 88' lang='lat' dir='ltr'><strong>proposita,</strong></span> <span class='ocrx_word' id='word_1_146' title='bbox 1808 1843 1921 1909; x_wconf 87' lang='lat' dir='ltr'><strong>alii</strong></span> <span class='ocrx_word' id='word_1_147' title='bbox 1964 1844 2198 1924; x_wconf 87' lang='lat' dir='ltr'><strong>omnia,</strong></span> <span class='ocrx_word' id='word_1_148' title='bbox 2243 1865 2412 1930; x_wconf 90' lang='lat' dir='ltr'><strong>quae</strong></span> <span class='ocrx_word' id='word_1_149' title='bbox 2452 1854 2736 1931; x_wconf 85' lang='lat' dir='ltr'><strong>possunt,</strong></span> <span class='ocrx_word' id='word_1_150' title='bbox 2772 1871 2795 1910; x_wconf 90' lang='lat'>1</span> <span class='ocrx_word' id='word_1_151' title='bbox 2809 1868 2843 1929; x_wconf 88' lang='lat'><strong>5</strong></span> 
     </span>
     <span class='ocr_line' id='line_1_17' title="bbox 441 1945 2738 2033; baseline 0 -21"><span class='ocrx_word' id='word_1_152' title='bbox 441 1948 595 2013; x_wconf 86' lang='lat' dir='ltr'><strong>fana</strong></span> <span class='ocrx_word' id='word_1_153' title='bbox 633 1947 1000 2033; x_wconf 83' lang='lat' dir='ltr'><strong>compilant.</strong></span> <span class='ocrx_word' id='word_1_154' title='bbox 1086 1945 1312 2026; x_wconf 83' lang='lat' dir='ltr'><strong>Credo,</strong></span> <span class='ocrx_word' id='word_1_155' title='bbox 1355 1954 1473 2012; x_wconf 88' lang='lat' dir='ltr'><strong>aut</strong></span> <span class='ocrx_word' id='word_1_156' title='bbox 1513 1947 1661 2012; x_wconf 88' lang='lat' dir='ltr'><strong>illos</strong></span> <span class='ocrx_word' id='word_1_157' title='bbox 1702 1947 1929 2014; x_wconf 87' lang='lat' dir='ltr'><strong>mortis</strong></span> <span class='ocrx_word' id='word_1_158' title='bbox 1979 1948 2176 2014; x_wconf 88' lang='lat' dir='ltr'><strong>timor</strong></span> <span class='ocrx_word' id='word_1_159' title='bbox 2216 1956 2420 2015; x_wconf 84' lang='lat' dir='ltr'><strong>terret</strong></span> <span class='ocrx_word' id='word_1_160' title='bbox 2461 1955 2579 2015; x_wconf 87' lang='lat' dir='ltr'><strong>aut</strong></span> <span class='ocrx_word' id='word_1_161' title='bbox 2619 1948 2738 2014; x_wconf 90' lang='lat' dir='ltr'><strong>hos</strong></span> 
     </span>
     <span class='ocr_line' id='line_1_18' title="bbox 440 2050 2601 2135; baseline 0 -19"><span class='ocrx_word' id='word_1_162' title='bbox 440 2050 779 2135; x_wconf 68' lang='lat' dir='ltr'><strong>religionis</strong></span> <span class='ocrx_word' id='word_1_163' title='bbox 2595 2065 2601 2069; x_wconf 88' lang='grc'><strong>’</strong></span> 
     </span>
    </p>

    <p class='ocr_par' dir='ltr' id='par_1_6' title="bbox 336 2150 2845 3267">
     <span class='ocr_line' id='line_1_19' title="bbox 336 2150 2734 2240; baseline 0 -22"><span class='ocrx_word' id='word_1_164' title='bbox 336 2164 418 2226; x_wconf 80' lang='grc'><strong>87</strong></span> <span class='ocrx_word' id='word_1_165' title='bbox 568 2150 703 2218; x_wconf 86' lang='lat' dir='ltr'><strong>Sed</strong></span> <span class='ocrx_word' id='word_1_166' title='bbox 728 2151 1036 2238; x_wconf 86' lang='lat' dir='ltr'><strong>quoniam</strong></span> <span class='ocrx_word' id='word_1_167' title='bbox 1063 2172 1196 2218; x_wconf 88' lang='lat' dir='ltr'><strong>non</strong></span> <span class='ocrx_word' id='word_1_168' title='bbox 1223 2151 1422 2217; x_wconf 87' lang='lat' dir='ltr'><strong>audes</strong></span> <span class='ocrx_word' id='word_1_169' title='bbox 1445 2150 1606 2238; x_wconf 83' lang='lat' dir='ltr'><strong>&lt;jam</strong></span> <span class='ocrx_word' id='word_1_170' title='bbox 1633 2151 1811 2218; x_wconf 89' lang='lat' dir='ltr'><strong>enim</strong></span> <span class='ocrx_word' id='word_1_171' title='bbox 1839 2173 1989 2217; x_wconf 90' lang='lat' dir='ltr'><strong>cum</strong></span> <span class='ocrx_word' id='word_1_172' title='bbox 2016 2152 2155 2238; x_wconf 87' lang='lat' dir='ltr'><strong>ipso</strong></span> <span class='ocrx_word' id='word_1_173' title='bbox 2179 2152 2456 2240; x_wconf 84' lang='lat' dir='ltr'><strong>Epicuro</strong></span> <span class='ocrx_word' id='word_1_174' title='bbox 2484 2152 2734 2240; x_wconf 89' lang='lat' dir='ltr'><strong>loquar)</strong></span> 
     </span>
     <span class='ocr_line' id='line_1_20' title="bbox 439 2254 2738 2344; baseline 0 -23"><span class='ocrx_word' id='word_1_175' title='bbox 439 2277 676 2342; x_wconf 85' lang='lat' dir='ltr'><strong>negare</strong></span> <span class='ocrx_word' id='word_1_176' title='bbox 722 2277 860 2321; x_wconf 88' lang='lat' dir='ltr'><strong>esse</strong></span> <span class='ocrx_word' id='word_1_177' title='bbox 905 2254 1074 2334; x_wconf 89' lang='lat' dir='ltr'><strong>deos,</strong></span> <span class='ocrx_word' id='word_1_178' title='bbox 1131 2256 1292 2344; x_wconf 87' lang='lat' dir='ltr'><strong>quid</strong></span> <span class='ocrx_word' id='word_1_179' title='bbox 1342 2263 1458 2333; x_wconf 91' lang='lat' dir='ltr'><strong>est,</strong></span> <span class='ocrx_word' id='word_1_180' title='bbox 1512 2255 1686 2341; x_wconf 90' lang='lat' dir='ltr'><strong>quod</strong></span> <span class='ocrx_word' id='word_1_181' title='bbox 1733 2265 1802 2322; x_wconf 88' lang='lat' dir='ltr'><strong>te</strong></span> <span class='ocrx_word' id='word_1_182' title='bbox 1847 2255 2163 2343; x_wconf 90' lang='lat' dir='ltr'><strong>impediat</strong></span> <span class='ocrx_word' id='word_1_183' title='bbox 2212 2267 2330 2321; x_wconf 86' lang='lat' dir='ltr'><strong>aut</strong></span> <span class='ocrx_word' id='word_1_184' title='bbox 2375 2256 2575 2323; x_wconf 85' lang='lat' dir='ltr'><strong>solem</strong></span> <span class='ocrx_word' id='word_1_185' title='bbox 2620 2265 2738 2322; x_wconf 89' lang='lat' dir='ltr'><strong>aut</strong></span> 
     </span>
     <span class='ocr_line' id='line_1_21' title="bbox 439 2360 2845 2450; baseline 0.001 -25"><span class='ocrx_word' id='word_1_186' title='bbox 439 2361 758 2427; x_wconf 89' lang='lat' dir='ltr'><strong>mundum</strong></span> <span class='ocrx_word' id='word_1_187' title='bbox 787 2368 903 2426; x_wconf 88' lang='lat' dir='ltr'><strong>aut</strong></span> <span class='ocrx_word' id='word_1_188' title='bbox 929 2369 1219 2427; x_wconf 89' lang='lat' dir='ltr'><strong>mentem</strong></span> <span class='ocrx_word' id='word_1_189' title='bbox 1249 2361 1536 2447; x_wconf 87' lang='lat' dir='ltr'><strong>aliquam</strong></span> <span class='ocrx_word' id='word_1_190' title='bbox 1564 2360 2027 2446; x_wconf 85' lang='lat' dir='ltr'><strong>sempiternam</strong></span> <span class='ocrx_word' id='word_1_191' title='bbox 2056 2361 2124 2426; x_wconf 91' lang='lat' dir='ltr'><strong>in</strong></span> <span class='ocrx_word' id='word_1_192' title='bbox 2162 2361 2430 2450; x_wconf 83' lang='lat' dir='ltr'><strong>deorum</strong></span> <span class='ocrx_word' id='word_1_193' title='bbox 2472 2384 2731 2428; x_wconf 75' lang='lat' dir='ltr'><strong>nmnero</strong></span> <span class='ocrx_word' id='word_1_194' title='bbox 2765 2388 2845 2428; x_wconf 88' lang='lat'><strong>20</strong></span> 
     </span>
     <span class='ocr_line' id='line_1_22' title="bbox 440 2462 2739 2550; baseline 0.001 -22"><span class='ocrx_word' id='word_1_195' title='bbox 440 2467 724 2550; x_wconf 69' lang='lat' dir='ltr'><strong>ponere?</strong></span> <span class='ocrx_word' id='word_1_196' title='bbox 800 2470 819 2496; x_wconf 90' lang='lat'>‘</span> <span class='ocrx_word' id='word_1_197' title='bbox 835 2464 1217 2550; x_wconf 89' lang='lat' dir='ltr'><strong>Numquam</strong></span> <span class='ocrx_word' id='word_1_198' title='bbox 1245 2462 1423 2543; x_wconf 82' lang='lat' dir='ltr'><strong>vidi’,</strong></span> <span class='ocrx_word' id='word_1_199' title='bbox 1451 2462 1687 2548; x_wconf 87' lang='lat' dir='ltr'><strong>inquit,</strong></span> <span class='ocrx_word' id='word_1_200' title='bbox 1719 2470 1736 2496; x_wconf 92' lang='lat'>‘</span> <span class='ocrx_word' id='word_1_201' title='bbox 1752 2463 2038 2528; x_wconf 89' lang='lat' dir='ltr'><strong>animam</strong></span> <span class='ocrx_word' id='word_1_202' title='bbox 2065 2463 2332 2530; x_wconf 86' lang='lat' dir='ltr'><strong>rationis</strong></span> <span class='ocrx_word' id='word_1_203' title='bbox 2359 2464 2739 2550; x_wconf 85' lang='lat' dir='ltr'><strong>consiliique</strong></span> 
     </span>
     <span class='ocr_line' id='line_1_23' title="bbox 440 2563 2735 2651; baseline 0.001 -21"><span class='ocrx_word' id='word_1_204' title='bbox 440 2564 819 2651; x_wconf 87' lang='lat' dir='ltr'><strong>participem</strong></span> <span class='ocrx_word' id='word_1_205' title='bbox 848 2564 918 2629; x_wconf 91' lang='lat' dir='ltr'><strong>in</strong></span> <span class='ocrx_word' id='word_1_206' title='bbox 945 2566 1083 2630; x_wconf 87' lang='lat' dir='ltr'><strong>ulla</strong></span> <span class='ocrx_word' id='word_1_207' title='bbox 1108 2564 1239 2630; x_wconf 86' lang='lat' dir='ltr'><strong>alia</strong></span> <span class='ocrx_word' id='word_1_208' title='bbox 1265 2564 1393 2630; x_wconf 88' lang='lat' dir='ltr'><strong>nisi</strong></span> <span class='ocrx_word' id='word_1_209' title='bbox 1419 2564 1710 2629; x_wconf 87' lang='lat' dir='ltr'><strong>humana</strong></span> <span class='ocrx_word' id='word_1_210' title='bbox 1743 2563 1950 2650; x_wconf 83' lang='lat' dir='ltr'><strong>figura</strong></span> <span class='ocrx_word' id='word_1_211' title='bbox 1967 2564 1999 2632; x_wconf 90' lang='lat'><strong>&#39;.</strong></span> <span class='ocrx_word' id='word_1_212' title='bbox 2089 2565 2311 2645; x_wconf 63' lang='lat' dir='ltr'><strong>Quid?</strong></span> <span class='ocrx_word' id='word_1_213' title='bbox 2351 2567 2504 2632; x_wconf 89' lang='lat' dir='ltr'><strong>solis</strong></span> <span class='ocrx_word' id='word_1_214' title='bbox 2544 2590 2735 2632; x_wconf 88' lang='lat' dir='ltr'><strong>num-</strong></span> 
     </span>
     <span class='ocr_line' id='line_1_24' title="bbox 438 2667 2736 2754; baseline 0.001 -23"><span class='ocrx_word' id='word_1_215' title='bbox 438 2667 751 2754; x_wconf 86' lang='lat' dir='ltr'><strong>quidnam</strong></span> <span class='ocrx_word' id='word_1_216' title='bbox 816 2676 932 2733; x_wconf 89' lang='lat' dir='ltr'><strong>aut</strong></span> <span class='ocrx_word' id='word_1_217' title='bbox 997 2668 1191 2733; x_wconf 87' lang='lat' dir='ltr'><strong>lunae</strong></span> <span class='ocrx_word' id='word_1_218' title='bbox 1248 2676 1365 2734; x_wconf 88' lang='lat' dir='ltr'><strong>aut</strong></span> <span class='ocrx_word' id='word_1_219' title='bbox 1421 2668 1713 2754; x_wconf 87' lang='lat' dir='ltr'><strong>quinque</strong></span> <span class='ocrx_word' id='word_1_220' title='bbox 1772 2668 2127 2733; x_wconf 87' lang='lat' dir='ltr'><strong>errantium</strong></span> <span class='ocrx_word' id='word_1_221' title='bbox 2183 2668 2467 2734; x_wconf 88' lang='lat' dir='ltr'><strong>siderum</strong></span> <span class='ocrx_word' id='word_1_222' title='bbox 2523 2669 2736 2735; x_wconf 86' lang='lat' dir='ltr'><strong>simile</strong></span> 
     </span>
     <span class='ocr_line' id='line_1_25' title="bbox 439 2769 2734 2857; baseline 0.001 -23"><span class='ocrx_word' id='word_1_223' title='bbox 439 2769 704 2835; x_wconf 68' lang='lat' dir='ltr'><strong>vidisti?</strong></span> <span class='ocrx_word' id='word_1_224' title='bbox 799 2769 915 2836; x_wconf 88' lang='lat' dir='ltr'><strong>Sol</strong></span> <span class='ocrx_word' id='word_1_225' title='bbox 970 2769 1222 2837; x_wconf 90' lang='lat' dir='ltr'><strong>duabus</strong></span> <span class='ocrx_word' id='word_1_226' title='bbox 1279 2769 1473 2835; x_wconf 89' lang='lat' dir='ltr'><strong>unius</strong></span> <span class='ocrx_word' id='word_1_227' title='bbox 1531 2769 1705 2835; x_wconf 88' lang='lat' dir='ltr'><strong>orbis</strong></span> <span class='ocrx_word' id='word_1_228' title='bbox 1762 2770 2013 2835; x_wconf 88' lang='lat' dir='ltr'><strong>ultimis</strong></span> <span class='ocrx_word' id='word_1_229' title='bbox 2069 2771 2364 2857; x_wconf 85' lang='lat' dir='ltr'><strong>partibus</strong></span> <span class='ocrx_word' id='word_1_230' title='bbox 2419 2771 2734 2837; x_wconf 87' lang='lat' dir='ltr'><strong>definiens</strong></span> 
     </span>
     <span class='ocr_line' id='line_1_26' title="bbox 439 2871 2842 2962; baseline 0.002 -25"><span class='ocrx_word' id='word_1_231' title='bbox 439 2880 691 2937; x_wconf 91' lang='lat' dir='ltr'><strong>motum</strong></span> <span class='ocrx_word' id='word_1_232' title='bbox 733 2894 954 2939; x_wconf 88' lang='lat' dir='ltr'><strong>cursus</strong></span> <span class='ocrx_word' id='word_1_233' title='bbox 996 2894 1245 2939; x_wconf 87' lang='lat' dir='ltr'><strong>annuos</strong></span> <span class='ocrx_word' id='word_1_234' title='bbox 1288 2872 1581 2955; x_wconf 85' lang='lat' dir='ltr'><strong>conficit3</strong></span> <span class='ocrx_word' id='word_1_235' title='bbox 1629 2871 1825 2958; x_wconf 89' lang='lat' dir='ltr'><strong>hujus</strong></span> <span class='ocrx_word' id='word_1_236' title='bbox 1868 2872 2034 2938; x_wconf 88' lang='lat' dir='ltr'><strong>hanc</strong></span> <span class='ocrx_word' id='word_1_237' title='bbox 2077 2874 2526 2939; x_wconf 88' lang='lat' dir='ltr'><strong>lustrationem</strong></span> <span class='ocrx_word' id='word_1_238' title='bbox 2569 2874 2735 2962; x_wconf 88' lang='lat' dir='ltr'><strong>ejus—</strong></span> <span class='ocrx_word' id='word_1_239' title='bbox 2766 2903 2795 2942; x_wconf 84' lang='lat'>2</span> <span class='ocrx_word' id='word_1_240' title='bbox 2807 2900 2842 2960; x_wconf 90' lang='lat'><strong>5</strong></span> 
     </span>
     <span class='ocr_line' id='line_1_27' title="bbox 439 2974 2735 3064; baseline 0.001 -22"><span class='ocrx_word' id='word_1_241' title='bbox 439 2976 589 3042; x_wconf 91' lang='lat' dir='ltr'><strong>dem</strong></span> <span class='ocrx_word' id='word_1_242' title='bbox 638 2977 898 3042; x_wconf 84' lang='lat' dir='ltr'><strong>incensa</strong></span> <span class='ocrx_word' id='word_1_243' title='bbox 944 2976 1144 3042; x_wconf 88' lang='lat' dir='ltr'><strong>radiis</strong></span> <span class='ocrx_word' id='word_1_244' title='bbox 1186 2983 1519 3042; x_wconf 87' lang='lat' dir='ltr'><strong>menstruo</strong></span> <span class='ocrx_word' id='word_1_245' title='bbox 1578 2976 1788 3061; x_wconf 87' lang='lat' dir='ltr'><strong>spatio</strong></span> <span class='ocrx_word' id='word_1_246' title='bbox 1844 2974 2003 3041; x_wconf 91' lang='lat' dir='ltr'><strong>luna</strong></span> <span class='ocrx_word' id='word_1_247' title='bbox 2060 2976 2376 3061; x_wconf 83' lang='lat' dir='ltr'><strong>complet3</strong></span> <span class='ocrx_word' id='word_1_248' title='bbox 2447 2978 2735 3064; x_wconf 88' lang='lat' dir='ltr'><strong>quinque</strong></span> 
     </span>
     <span class='ocr_line' id='line_1_28' title="bbox 437 3078 2733 3165; baseline 0.001 -20"><span class='ocrx_word' id='word_1_249' title='bbox 437 3089 659 3146; x_wconf 88' lang='lat' dir='ltr'><strong>autem</strong></span> <span class='ocrx_word' id='word_1_250' title='bbox 702 3079 928 3145; x_wconf 88' lang='lat' dir='ltr'><strong>stellae</strong></span> <span class='ocrx_word' id='word_1_251' title='bbox 971 3078 1249 3144; x_wconf 90' lang='lat' dir='ltr'><strong>eundem</strong></span> <span class='ocrx_word' id='word_1_252' title='bbox 1291 3079 1512 3144; x_wconf 88' lang='lat' dir='ltr'><strong>orbem</strong></span> <span class='ocrx_word' id='word_1_253' title='bbox 1555 3086 1870 3156; x_wconf 87' lang='lat' dir='ltr'><strong>tenentes,</strong></span> <span class='ocrx_word' id='word_1_254' title='bbox 1914 3078 2080 3143; x_wconf 88' lang='lat' dir='ltr'><strong>aliae</strong></span> <span class='ocrx_word' id='word_1_255' title='bbox 2124 3080 2396 3165; x_wconf 74' lang='lat' dir='ltr'><strong>,propius</strong></span> <span class='ocrx_word' id='word_1_256' title='bbox 2443 3102 2485 3146; x_wconf 92' lang='lat' dir='ltr'><strong>a</strong></span> <span class='ocrx_word' id='word_1_257' title='bbox 2525 3082 2733 3160; x_wconf 78' lang='lat' dir='ltr'><strong>terrie,</strong></span> 
     </span>
     <span class='ocr_line' id='line_1_29' title="bbox 438 3178 2732 3267; baseline -0 -16"><span class='ocrx_word' id='word_1_258' title='bbox 438 3185 605 3250; x_wconf 89' lang='lat' dir='ltr'><strong>aliae</strong></span> <span class='ocrx_word' id='word_1_259' title='bbox 631 3183 957 3260; x_wconf 89' lang='lat' dir='ltr'><strong>remotius,</strong></span> <span class='ocrx_word' id='word_1_260' title='bbox 984 3182 1070 3246; x_wconf 90' lang='lat' dir='ltr'><strong>ab</strong></span> <span class='ocrx_word' id='word_1_261' title='bbox 1097 3181 1301 3246; x_wconf 87' lang='lat' dir='ltr'><strong>isdem</strong></span> <span class='ocrx_word' id='word_1_262' title='bbox 1331 3178 1662 3266; x_wconf 89' lang='lat' dir='ltr'><strong>principiis</strong></span> <span class='ocrx_word' id='word_1_263' title='bbox 1693 3179 2056 3265; x_wconf 86' lang='lat' dir='ltr'><strong>disparibus</strong></span> <span class='ocrx_word' id='word_1_264' title='bbox 2082 3182 2480 3267; x_wconf 90' lang='lat' dir='ltr'><strong>temporibus</strong></span> <span class='ocrx_word' id='word_1_265' title='bbox 2508 3184 2732 3249; x_wconf 90' lang='lat' dir='ltr'><strong>eadem</strong></span> 
     </span>
    </p>

    <p class='ocr_par' dir='ltr' id='par_1_7' title="bbox 337 3283 2735 3375">
     <span class='ocr_line' id='line_1_30' title="bbox 337 3283 2735 3375; baseline -0.001 -21"><span class='ocrx_word' id='word_1_266' title='bbox 337 3302 416 3364; x_wconf 82' lang='lat'><strong>88</strong></span> <span class='ocrx_word' id='word_1_267' title='bbox 441 3288 651 3375; x_wconf 87' lang='lat' dir='ltr'><strong>spatia</strong></span> <span class='ocrx_word' id='word_1_268' title='bbox 699 3285 1062 3353; x_wconf 88' lang='lat' dir='ltr'><strong>conficiunt.</strong></span> <span class='ocrx_word' id='word_1_269' title='bbox 1150 3285 1335 3349; x_wconf 90' lang='lat' dir='ltr'><strong>Num</strong></span> <span class='ocrx_word' id='word_1_270' title='bbox 1387 3283 1547 3370; x_wconf 89' lang='lat' dir='ltr'><strong>quid</strong></span> <span class='ocrx_word' id='word_1_271' title='bbox 1596 3283 1746 3363; x_wconf 89' lang='lat' dir='ltr'><strong>tale,</strong></span> <span class='ocrx_word' id='word_1_272' title='bbox 1796 3283 2093 3370; x_wconf 88' lang='lat' dir='ltr'><strong>Epicure,</strong></span> <span class='ocrx_word' id='word_1_273' title='bbox 2138 3284 2406 3351; x_wconf 64' lang='lat' dir='ltr'><strong>vidisti?</strong></span> <span class='ocrx_word' id='word_1_274' title='bbox 2491 3285 2598 3351; x_wconf 88' lang='lat' dir='ltr'><strong>Ne</strong></span> <span class='ocrx_word' id='word_1_275' title='bbox 2647 3286 2735 3352; x_wconf 89' lang='lat' dir='ltr'><strong>sit</strong></span> 
     </span>
    </p>
   </div>
   <div class='ocr_carea' id='block_1_5' title="bbox 437 3443 2850 4251">
    <p class='ocr_par' dir='ltr' id='par_1_8' title="bbox 437 3443 2850 4251">
     <span class='ocr_line' id='line_1_31' title="bbox 533 3443 2732 3512; baseline -0 -13"><span class='ocrx_word' id='word_1_276' title='bbox 533 3451 567 3499; x_wconf 78' lang='lat'>2</span> <span class='ocrx_word' id='word_1_277' title='bbox 597 3451 791 3500; x_wconf 67' lang='lat' dir='ltr'><strong>selectis</strong></span> <span class='ocrx_word' id='word_1_278' title='bbox 826 3448 1075 3512; x_wconf 63' lang='lat' dir='ltr'><strong>Amen,</strong></span> <span class='ocrx_word' id='word_1_279' title='bbox 1117 3449 1285 3502; x_wconf 77' lang='lat' dir='ltr'><strong>electis</strong></span> <span class='ocrx_word' id='word_1_280' title='bbox 1322 3445 1457 3497; x_wconf 72' lang='lat' dir='ltr'><strong>A’E.</strong></span> <span class='ocrx_word' id='word_1_281' title='bbox 1643 3447 1675 3494; x_wconf 76' lang='grc' dir='ltr'><strong>Β</strong></span> <span class='ocrx_word' id='word_1_282' title='bbox 1709 3446 1868 3511; x_wconf 74' lang='grc' dir='ltr'>κυρίας</span> <span class='ocrx_word' id='word_1_283' title='bbox 1903 3445 2040 3506; x_wconf 58' lang='grc' dir='ltr'><strong>δόξα,</strong></span> <span class='ocrx_word' id='word_1_284' title='bbox 2075 3443 2208 3508; x_wconf 66' lang='lat' dir='ltr'><strong>edd„</strong></span> <span class='ocrx_word' id='word_1_285' title='bbox 2243 3446 2412 3511; x_wconf 68' lang='lat' dir='ltr'><strong>cyrias</strong></span> <span class='ocrx_word' id='word_1_286' title='bbox 2444 3448 2599 3498; x_wconf 66' lang='lat' dir='ltr'><strong>doctas</strong></span> <span class='ocrx_word' id='word_1_287' title='bbox 2633 3460 2732 3498; x_wconf 71' lang='lat' dir='ltr'><strong>uss</strong></span> 
     </span>
     <span class='ocr_line' id='line_1_32' title="bbox 437 3527 2735 3597; baseline -0.001 -13"><span class='ocrx_word' id='word_1_288' title='bbox 437 3534 710 3597; x_wconf 77' lang='lat' dir='ltr'><strong>generally.</strong></span> <span class='ocrx_word' id='word_1_289' title='bbox 873 3532 905 3584; x_wconf 84' lang='lat'><strong>6</strong></span> <span class='ocrx_word' id='word_1_290' title='bbox 936 3533 1146 3583; x_wconf 70' lang='lat' dir='ltr'><strong>inscitia</strong></span> <span class='ocrx_word' id='word_1_291' title='bbox 1165 3531 1301 3581; x_wconf 81' lang='grc' dir='ltr'><strong>ΔΒΕ</strong></span> <span class='ocrx_word' id='word_1_292' title='bbox 1315 3539 1385 3592; x_wconf 74' lang='lat'><strong>4,</strong></span> <span class='ocrx_word' id='word_1_293' title='bbox 1410 3531 1600 3580; x_wconf 70' lang='lat' dir='ltr'><strong>inscita</strong></span> <span class='ocrx_word' id='word_1_294' title='bbox 1622 3528 1784 3590; x_wconf 77' lang='lat' dir='ltr'><strong>OB÷,</strong></span> <span class='ocrx_word' id='word_1_295' title='bbox 1809 3529 2080 3578; x_wconf 68' lang='lat' dir='ltr'><strong>inscientia</strong></span> <span class='ocrx_word' id='word_1_296' title='bbox 2099 3532 2144 3577; x_wconf 71' lang='grc' dir='ltr'><strong><em>Κ</em></strong></span> <span class='ocrx_word' id='word_1_297' title='bbox 2164 3527 2287 3590; x_wconf 70' lang='lat' dir='ltr'><strong>Bag.</strong></span> <span class='ocrx_word' id='word_1_298' title='bbox 2309 3527 2440 3579; x_wconf 82' lang='lat' dir='ltr'><strong>Dav.</strong></span> <span class='ocrx_word' id='word_1_299' title='bbox 2538 3532 2735 3593; x_wconf 73' lang='lat' dir='ltr'><strong>fecerat</strong></span> 
     </span>
     <span class='ocr_line' id='line_1_33' title="bbox 438 3612 2850 3679; baseline -0.003 -12"><span class='ocrx_word' id='word_1_300' title='bbox 438 3617 504 3668; x_wconf 70' lang='grc' dir='ltr'><strong>Δ1</strong></span> <span class='ocrx_word' id='word_1_301' title='bbox 537 3616 651 3666; x_wconf 88' lang='lat' dir='ltr'><strong>edd.</strong></span> <span class='ocrx_word' id='word_1_302' title='bbox 674 3616 805 3666; x_wconf 79' lang='lat' dir='ltr'><strong>after</strong></span> <span class='ocrx_word' id='word_1_303' title='bbox 837 3614 975 3678; x_wconf 68' lang='lat'>8011„</span> <span class='ocrx_word' id='word_1_304' title='bbox 1008 3617 1193 3679; x_wconf 77' lang='lat' dir='ltr'><strong>jecerit</strong></span> <span class='ocrx_word' id='word_1_305' title='bbox 1223 3613 1421 3665; x_wconf 71' lang='lat' dir='ltr'><strong>A’BOE.</strong></span> <span class='ocrx_word' id='word_1_306' title='bbox 1455 3613 1592 3663; x_wconf 78' lang='lat' dir='ltr'><strong>Mus.</strong></span> <span class='ocrx_word' id='word_1_307' title='bbox 1625 3612 1710 3661; x_wconf 81' lang='lat' dir='ltr'><strong>m.</strong></span> <span class='ocrx_word' id='word_1_308' title='bbox 1926 3613 1959 3662; x_wconf 85' lang='lat'><em>8</em></span> <span class='ocrx_word' id='word_1_309' title='bbox 1990 3613 2130 3661; x_wconf 75' lang='lat' dir='ltr'><strong>dicat</strong></span> <span class='ocrx_word' id='word_1_310' title='bbox 2164 3613 2370 3675; x_wconf 75' lang='lat' dir='ltr'><strong>aliquid</strong></span> <span class='ocrx_word' id='word_1_311' title='bbox 2401 3626 2502 3662; x_wconf 75' lang='lat' dir='ltr'><strong>me</strong></span> <span class='ocrx_word' id='word_1_312' title='bbox 2541 3613 2737 3665; x_wconf 67' lang='lat' dir='ltr'><strong>boam</strong></span> <span class='ocrx_word' id='word_1_313' title='bbox 2831 3648 2850 3659; x_wconf 90' lang='lat'><strong>.</strong></span> 
     </span>
     <span class='ocr_line' id='line_1_34' title="bbox 438 3694 2735 3760; baseline -0.001 -11"><span class='ocrx_word' id='word_1_314' title='bbox 438 3699 523 3749; x_wconf 87' lang='lat' dir='ltr'><strong>El.</strong></span> <span class='ocrx_word' id='word_1_315' title='bbox 546 3698 662 3749; x_wconf 69' lang='lat' dir='ltr'><strong>Oxi.</strong></span> <span class='ocrx_word' id='word_1_316' title='bbox 685 3712 714 3748; x_wconf 93' lang='lat' dir='ltr'><strong>e</strong></span> <span class='ocrx_word' id='word_1_317' title='bbox 738 3696 875 3759; x_wconf 54' lang='grc' dir='ltr'><strong>Βοὴ,</strong></span> <span class='ocrx_word' id='word_1_318' title='bbox 902 3699 1040 3747; x_wconf 77' lang='lat' dir='ltr'><strong>dicat</strong></span> <span class='ocrx_word' id='word_1_319' title='bbox 1061 3698 1265 3760; x_wconf 77' lang='lat' dir='ltr'><strong>aliquid</strong></span> <span class='ocrx_word' id='word_1_320' title='bbox 1284 3698 1379 3746; x_wconf 69' lang='lat' dir='ltr'><strong>iste</strong></span> <span class='ocrx_word' id='word_1_321' title='bbox 1401 3697 1596 3745; x_wconf 76' lang='lat' dir='ltr'><strong>beatum</strong></span> <span class='ocrx_word' id='word_1_322' title='bbox 1616 3708 1713 3745; x_wconf 73' lang='lat' dir='ltr'><strong>uss</strong></span> <span class='ocrx_word' id='word_1_323' title='bbox 1735 3694 2010 3757; x_wconf 77' lang='lat' dir='ltr'><strong>generally,</strong></span> <span class='ocrx_word' id='word_1_324' title='bbox 2033 3695 2237 3757; x_wconf 78' lang='lat' dir='ltr'><strong>aliquid</strong></span> <span class='ocrx_word' id='word_1_325' title='bbox 2263 3695 2403 3744; x_wconf 74' lang='lat' dir='ltr'><strong>dicat</strong></span> <span class='ocrx_word' id='word_1_326' title='bbox 2422 3696 2519 3745; x_wconf 70' lang='lat' dir='ltr'><strong>iste</strong></span> <span class='ocrx_word' id='word_1_327' title='bbox 2541 3697 2735 3747; x_wconf 57' lang='lat' dir='ltr'><strong>beaw</strong></span> 
     </span>
     <span class='ocr_line' id='line_1_35' title="bbox 442 3776 2732 3841; baseline -0.001 -10"><span class='ocrx_word' id='word_1_328' title='bbox 442 3781 489 3831; x_wconf 88' lang='lat' dir='ltr'>G</span> <span class='ocrx_word' id='word_1_329' title='bbox 508 3781 628 3830; x_wconf 81' lang='lat' dir='ltr'><strong>Asc.</strong></span> <span class='ocrx_word' id='word_1_330' title='bbox 644 3779 820 3841; x_wconf 67' lang='lat' dir='ltr'><strong>Her-v„</strong></span> <span class='ocrx_word' id='word_1_331' title='bbox 841 3781 981 3830; x_wconf 76' lang='lat' dir='ltr'><strong>dicat</strong></span> <span class='ocrx_word' id='word_1_332' title='bbox 999 3779 1072 3829; x_wconf 84' lang='lat' dir='ltr'><strong>al.</strong></span> <span class='ocrx_word' id='word_1_333' title='bbox 1091 3779 1136 3829; x_wconf 83' lang='lat' dir='ltr'><strong>b.</strong></span> <span class='ocrx_word' id='word_1_334' title='bbox 1158 3793 1258 3829; x_wconf 70' lang='lat' dir='ltr'><strong>esse</strong></span> <span class='ocrx_word' id='word_1_335' title='bbox 1279 3783 1326 3829; x_wconf 82' lang='lat'><strong>11</strong></span> <span class='ocrx_word' id='word_1_336' title='bbox 1347 3777 1435 3828; x_wconf 86' lang='lat' dir='ltr'><strong>Or.</strong></span> <span class='ocrx_word' id='word_1_337' title='bbox 1452 3777 1547 3829; x_wconf 84' lang='lat' dir='ltr'><strong>Ba.</strong></span> <span class='ocrx_word' id='word_1_338' title='bbox 1564 3777 1676 3827; x_wconf 80' lang='lat' dir='ltr'><strong>Mu.</strong></span> <span class='ocrx_word' id='word_1_339' title='bbox 1738 3778 1787 3826; x_wconf 65' lang='lat' dir='ltr'><strong>si</strong></span> <span class='ocrx_word' id='word_1_340' title='bbox 1808 3777 1935 3839; x_wconf 75' lang='lat' dir='ltr'><strong>quid</strong></span> <span class='ocrx_word' id='word_1_341' title='bbox 1955 3776 2076 3827; x_wconf 67' lang='grc' dir='ltr'><strong>Βοὴ.</strong></span> <span class='ocrx_word' id='word_1_342' title='bbox 2094 3776 2219 3837; x_wconf 64' lang='lat' dir='ltr'><strong>Mu„</strong></span> <span class='ocrx_word' id='word_1_343' title='bbox 2239 3778 2289 3825; x_wconf 71' lang='lat' dir='ltr'><strong>oi</strong></span> <span class='ocrx_word' id='word_1_344' title='bbox 2309 3778 2443 3840; x_wconf 74' lang='lat' dir='ltr'><strong>quod</strong></span> <span class='ocrx_word' id='word_1_345' title='bbox 2462 3776 2511 3826; x_wconf 84' lang='lat' dir='ltr'>X</span> <span class='ocrx_word' id='word_1_346' title='bbox 2531 3777 2619 3828; x_wconf 89' lang='lat' dir='ltr'><strong>Or.</strong></span> <span class='ocrx_word' id='word_1_347' title='bbox 2634 3778 2732 3829; x_wconf 74' lang='lat' dir='ltr'><strong>Ba.</strong></span> 
     </span>
     <span class='ocr_line' id='line_1_36' title="bbox 440 3860 2732 3922; baseline -0.001 -9"><span class='ocrx_word' id='word_1_348' title='bbox 440 3864 473 3914; x_wconf 84' lang='lat'>9</span> <span class='ocrx_word' id='word_1_349' title='bbox 491 3864 562 3912; x_wconf 74' lang='lat' dir='ltr'><strong>eit</strong></span> <span class='ocrx_word' id='word_1_350' title='bbox 583 3861 696 3912; x_wconf 89' lang='lat' dir='ltr'><strong>edd.</strong></span> <span class='ocrx_word' id='word_1_351' title='bbox 720 3862 852 3912; x_wconf 75' lang='lat' dir='ltr'><strong>after</strong></span> <span class='ocrx_word' id='word_1_352' title='bbox 871 3860 1043 3922; x_wconf 86' lang='lat' dir='ltr'><strong>Orelli,</strong></span> <span class='ocrx_word' id='word_1_353' title='bbox 1059 3862 1131 3911; x_wconf 75' lang='lat' dir='ltr'><strong>sit</strong></span> <span class='ocrx_word' id='word_1_354' title='bbox 1150 3862 1322 3911; x_wconf 75' lang='lat' dir='ltr'><strong>idme</strong></span> <span class='ocrx_word' id='word_1_355' title='bbox 1342 3862 1546 3911; x_wconf 74' lang='lat' dir='ltr'><strong>mortale</strong></span> <span class='ocrx_word' id='word_1_356' title='bbox 1567 3860 1816 3922; x_wconf 75' lang='lat' dir='ltr'><strong>XBKO÷,</strong></span> <span class='ocrx_word' id='word_1_357' title='bbox 1837 3862 1906 3910; x_wconf 73' lang='lat' dir='ltr'><strong>sit</strong></span> <span class='ocrx_word' id='word_1_358' title='bbox 1926 3861 1986 3909; x_wconf 75' lang='lat' dir='ltr'><strong>id</strong></span> <span class='ocrx_word' id='word_1_359' title='bbox 2004 3874 2104 3910; x_wconf 70' lang='lat' dir='ltr'><strong>esee</strong></span> <span class='ocrx_word' id='word_1_360' title='bbox 2124 3861 2398 3910; x_wconf 69' lang='lat' dir='ltr'><strong>inmortale</strong></span> <span class='ocrx_word' id='word_1_361' title='bbox 2420 3860 2508 3911; x_wconf 84' lang='lat' dir='ltr'><strong>oU</strong></span> <span class='ocrx_word' id='word_1_362' title='bbox 2529 3860 2732 3915; x_wconf 77' lang='lat' dir='ltr'><strong>Asc-4.</strong></span> 
     </span>
     <span class='ocr_line' id='line_1_37' title="bbox 442 3941 2732 4007; baseline -0.001 -12"><span class='ocrx_word' id='word_1_363' title='bbox 442 3946 505 3995; x_wconf 91' lang='grc'><strong>11</strong></span> <span class='ocrx_word' id='word_1_364' title='bbox 538 3953 585 3995; x_wconf 81' lang='lat' dir='ltr'><strong>te</strong></span> <span class='ocrx_word' id='word_1_365' title='bbox 623 3943 777 4007; x_wconf 81' lang='lat' dir='ltr'><strong>[ABE</strong></span> <span class='ocrx_word' id='word_1_366' title='bbox 791 3945 882 4007; x_wconf 72' lang='lat'><strong>41,</strong></span> <span class='ocrx_word' id='word_1_367' title='bbox 921 3958 1024 3993; x_wconf 89' lang='lat' dir='ltr'><strong>om.</strong></span> <span class='ocrx_word' id='word_1_368' title='bbox 1063 3943 1288 3999; x_wconf 74' lang='lat' dir='ltr'>CUBK÷</span> <span class='ocrx_word' id='word_1_369' title='bbox 1302 3978 1319 3994; x_wconf 88' lang='lat'><strong>.</strong></span> <span class='ocrx_word' id='word_1_370' title='bbox 1554 3943 1618 3995; x_wconf 81' lang='lat'><strong>17</strong></span> <span class='ocrx_word' id='word_1_371' title='bbox 1650 3944 1909 4004; x_wconf 69' lang='lat' dir='ltr'><strong>reliyiom‘s</strong></span> <span class='ocrx_word' id='word_1_372' title='bbox 1943 3941 2253 3993; x_wconf 66' lang='lat' dir='ltr'><strong>nooLrB&#39;U</strong></span> <span class='ocrx_word' id='word_1_373' title='bbox 2291 3942 2430 4004; x_wconf 65' lang='lat' dir='ltr'><strong>Asc„</strong></span> <span class='ocrx_word' id='word_1_374' title='bbox 2468 3944 2732 4004; x_wconf 65' lang='lat' dir='ltr'><strong>reliyiouee</strong></span> 
     </span>
     <span class='ocr_line' id='line_1_38' title="bbox 438 4021 2727 4086; baseline -0.002 -10"><span class='ocrx_word' id='word_1_375' title='bbox 438 4026 722 4077; x_wconf 75' lang='lat' dir='ltr'><strong>AB¹cEnx</strong></span> <span class='ocrx_word' id='word_1_376' title='bbox 742 4024 841 4086; x_wconf 79' lang='lat' dir='ltr'><strong>m..</strong></span> <span class='ocrx_word' id='word_1_377' title='bbox 865 4025 1046 4086; x_wconf 71' lang='lat' dir='ltr'><strong>reliqio</strong></span> <span class='ocrx_word' id='word_1_378' title='bbox 1065 4029 1137 4075; x_wconf 72' lang='lat' dir='ltr'><strong>n.</strong></span> <span class='ocrx_word' id='word_1_379' title='bbox 1413 4024 1481 4074; x_wconf 77' lang='lat'><strong>20</strong></span> <span class='ocrx_word' id='word_1_380' title='bbox 1509 4039 1708 4074; x_wconf 61' lang='lat' dir='ltr'><strong>munero</strong></span> <span class='ocrx_word' id='word_1_381' title='bbox 1731 4022 1845 4073; x_wconf 90' lang='lat' dir='ltr'><strong>edd.</strong></span> <span class='ocrx_word' id='word_1_382' title='bbox 1867 4023 2000 4073; x_wconf 77' lang='lat' dir='ltr'><strong>after</strong></span> <span class='ocrx_word' id='word_1_383' title='bbox 2018 4022 2240 4080; x_wconf 68' lang='lat' dir='ltr'><strong>welhet,</strong></span> <span class='ocrx_word' id='word_1_384' title='bbox 2261 4029 2450 4073; x_wconf 75' lang='lat' dir='ltr'><strong>natura</strong></span> <span class='ocrx_word' id='word_1_385' title='bbox 2470 4036 2569 4072; x_wconf 73' lang='lat' dir='ltr'><strong>uss</strong></span> <span class='ocrx_word' id='word_1_386' title='bbox 2590 4021 2727 4084; x_wconf 53' lang='grc' dir='ltr'><strong>Βοὴ,</strong></span> 
     </span>
     <span class='ocr_line' id='line_1_39' title="bbox 439 4103 2728 4171; baseline -0.003 -11"><span class='ocrx_word' id='word_1_387' title='bbox 439 4117 673 4160; x_wconf 75' lang='lat' dir='ltr'><strong>naturam</strong></span> <span class='ocrx_word' id='word_1_388' title='bbox 692 4114 747 4160; x_wconf 86' lang='grc'><strong>0.</strong></span> <span class='ocrx_word' id='word_1_389' title='bbox 889 4108 951 4158; x_wconf 81' lang='grc'><strong>21</strong></span> <span class='ocrx_word' id='word_1_390' title='bbox 985 4110 1158 4171; x_wconf 62' lang='lat' dir='ltr'><strong>inquit</strong></span> <span class='ocrx_word' id='word_1_391' title='bbox 1177 4121 1274 4158; x_wconf 74' lang='lat' dir='ltr'><strong>uss</strong></span> <span class='ocrx_word' id='word_1_392' title='bbox 1294 4107 1567 4171; x_wconf 79' lang='lat' dir='ltr'><strong>generally,</strong></span> <span class='ocrx_word' id='word_1_393' title='bbox 1593 4109 1767 4170; x_wconf 70' lang='lat' dir='ltr'><strong>inquis</strong></span> <span class='ocrx_word' id='word_1_394' title='bbox 1789 4106 1838 4155; x_wconf 83' lang='lat' dir='ltr'><strong>G</strong></span> <span class='ocrx_word' id='word_1_395' title='bbox 1857 4105 2064 4167; x_wconf 86' lang='lat' dir='ltr'><strong>Heind.,</strong></span> <span class='ocrx_word' id='word_1_396' title='bbox 2090 4118 2195 4156; x_wconf 88' lang='lat' dir='ltr'><strong>om.</strong></span> <span class='ocrx_word' id='word_1_397' title='bbox 2217 4107 2314 4157; x_wconf 77' lang='lat'><strong>0&#39;1&#39;.</strong></span> <span class='ocrx_word' id='word_1_398' title='bbox 2450 4103 2516 4154; x_wconf 75' lang='lat'><strong>25</strong></span> <span class='ocrx_word' id='word_1_399' title='bbox 2548 4105 2728 4155; x_wconf 61' lang='lat' dir='ltr'><strong>luttra-</strong></span> 
     </span>
     <span class='ocr_line' id='line_1_40' title="bbox 443 4185 2116 4251; baseline -0.004 -8"><span class='ocrx_word' id='word_1_400' title='bbox 443 4192 621 4242; x_wconf 71' lang='lat' dir='ltr'><strong>cim</strong></span> <span class='ocrx_word' id='word_1_401' title='bbox 642 4194 678 4242; x_wconf 83' lang='grc' dir='ltr'>σ</span> <span class='ocrx_word' id='word_1_402' title='bbox 698 4188 807 4239; x_wconf 73' lang='lat' dir='ltr'><strong>EL&#39;</strong></span> <span class='ocrx_word' id='word_1_403' title='bbox 824 4186 972 4251; x_wconf 56' lang='lat' dir='ltr'><strong>Rege</strong></span> <span class='ocrx_word' id='word_1_404' title='bbox 993 4187 1040 4238; x_wconf 84' lang='lat' dir='ltr'>G</span> <span class='ocrx_word' id='word_1_405' title='bbox 1061 4188 1270 4245; x_wconf 56' lang='lat' dir='ltr'><strong>Herm-1·</strong></span> <span class='ocrx_word' id='word_1_406' title='bbox 1287 4224 1301 4247; x_wconf 89' lang='lat'><strong>,</strong></span> <span class='ocrx_word' id='word_1_407' title='bbox 1321 4189 1707 4239; x_wconf 68' lang='lat' dir='ltr'><strong>illustrationem</strong></span> <span class='ocrx_word' id='word_1_408' title='bbox 1727 4199 1825 4239; x_wconf 69' lang='lat' dir='ltr'><strong>uss</strong></span> <span class='ocrx_word' id='word_1_409' title='bbox 1845 4185 2116 4250; x_wconf 75' lang='lat' dir='ltr'><strong>generally.</strong></span> 
     </span>
    </p>
   </div>
  </div>
 </body>
</html>
