3150 4700
500 238 581 302 16
1199 285 1203 289 -
1261 250 1357 301 m:
1399 250 1682 302 aarum
1725 252 2030 302 nsontm.

488 394 774 473 discidia,
832 396 1195 474 discordiae,
1264 407 1459 475 ortua,
1516 398 1835 475 interitus,
1892 396 2225 483 querellae,
2283 397 2794 478 lamentationes,

492 497 729 562 effusas
769 498 840 561 in
879 499 1057 563 omni
1095 499 1601 586 intemperantia
1639 500 1957 577 libidines,
1986 499 2317 575 adulteria,
2346 498 2617 575 vincula,
2644 521 2796 564 cum

493 597 777 665 humano
805 623 1040 687 genere
1062 601 1442 667 concubitus
1469 601 1900 687 mortalesque
1924 624 2005 666 ex
2033 601 2384 666 immortali
2411 612 2789 687 procreatos.

387 706 468 767 43
495 702 663 769 Cum
704 713 1041 789 poetarum
1084 715 1305 770 autem
1351 727 1558 771 errore
1607 705 1996 791 conjungere
2039 705 2192 770 licet
2231 712 2536 790 portenta
2573 727 2789 791 mago-

492 825 654 883 rum,
684 807 1282 893 Aegyptiorumque
1326 808 1397 872 in
1442 807 1671 873 eodem
1707 828 1944 893 genere
1984 806 2394 883 dementiam,
2421 815 2566 872 tum
2593 807 2788 872 etiam
2859 830 2891 889 5

491 907 673 993 vulgi
722 910 1073 994 opinione3‚
1123 933 1292 996 quae
1343 911 1411 975 in
1462 911 1750 976 maxima
1793 910 2228 976 inconstantia
2267 910 2562 976 veritatis
2609 911 2789 997 igno·

490 1010 740 1077 ratione
767 1020 1119 1079 versantur.

621 1115 721 1179 Ea
776 1115 891 1202 qui
947 1117 1301 1182 consideret
1359 1138 1556 1201 quam
1623 1112 1988 1197 inconsulte
2041 1137 2118 1181 ac
2171 1125 2417 1181 temere
2474 1115 2789 1196 dicantur,

490 1218 781 1282 venerari
822 1218 1175 1304 Epicurum
1217 1227 1288 1284 et
1344 1217 1415 1283 in
1467 1240 1691 1283 eorum
1748 1218 2033 1303 ipsorum
2087 1239 2373 1294 numero,
2425 1217 2508 1284 de
2555 1217 2792 1304 quibus

492 1318 652 1383 haec
700 1320 993 1404 quaestio
1040 1328 1158 1397 est,
1199 1318 1438 1385 habere
1487 1319 1741 1384 debeat.
1833 1318 2025 1385 Solus
2071 1319 2250 1384 enim
2291 1319 2460 1384 vidit
2507 1321 2789 1405 primum
2819 1348 2895 1389 ιο

486 1442 630 1487 esse
667 1422 834 1500 deoS,
863 1422 1035 1507 quod
1073 1423 1144 1487 in
1185 1422 1475 1487 omnium
1502 1423 1737 1487 animis
1763 1444 1985 1487 eorum
2014 1421 2340 1487 notionem
2371 1421 2791 1507 impressisset

486 1523 631 1611 ipsa
670 1534 918 1593 natura.
1005 1526 1189 1607 Quae
1235 1535 1333 1591 est
1379 1527 1554 1591 enim
1605 1547 1765 1611 gens
1810 1532 1927 1590 aut
1967 1524 2141 1609 quod
2184 1546 2391 1609 genus
2428 1524 2788 1605 hominum,

488 1628 665 1712 quod
690 1651 822 1695 non
848 1629 1087 1695 habeat
1114 1628 1253 1694 sine
1275 1628 1566 1694 doctriua
1596 1627 2120 1713 anticipationem
2142 1627 2467 1712 quandam
2488 1625 2790 1692 deome

487 1752 687 1815 quam
732 1733 1017 1819 appellat
1062 1730 1416 1820 πρόληψιν
1466 1730 1798 1816 Epicurus,
1843 1729 1912 1795 id
1964 1737 2064 1794 est
2113 1736 2522 1814 anteceptam
2571 1728 2789 1794 animo

486 1833 587 1899 rei
628 1836 952 1921 quandam
995 1834 1533 1913 informationem,
1580 1834 1717 1899 sine
1761 1856 1893 1920 qua
1931 1855 2054 1899 nec
2102 1833 2396 1918 intellegi
2442 1824 2785 1918 quicquam
2818 1861 2843 1901 1
2853 1858 2890 1919 ς

488 1957 612 2002 nec
667 1937 891 2022 quaeri
947 1959 1067 2002 nec
1123 1937 1437 2023 disputari
1492 1944 1722 2023 potest.
1815 1936 2020 2022 Cujus
2078 1929 2346 2002 rationis
2401 1934 2534 2001 vim
2590 1944 2787 2021 atque

484 2038 845 2105 utilitatem
883 2062 964 2105 ex
994 2040 1106 2106 illo
1133 2040 1391 2107 caelesti
1420 2039 1686 2124 Epicuri
1715 2038 1797 2106 de
1825 2039 2051 2124 regula
2087 2046 2158 2103 et
2185 2037 2432 2124 judicio
2460 2038 2786 2105 volumine

383 2154 465 2214 44
488 2142 866 2228 accepimus,
943 2141 1161 2207 XVII.
1210 2139 1396 2219 Quod
1425 2140 1627 2227 igitur
1654 2140 2152 2205 fundamentum
2180 2139 2378 2225 hujus
2397 2139 2786 2226 quaestionis

486 2252 605 2322 est,
632 2244 702 2310 id
730 2244 1052 2330 praeclare
1069 2244 1323 2330 jactum
1352 2242 1604 2309 videtis,
1676 2241 1847 2308 Cum
1875 2243 2051 2307 enim
2082 2263 2213 2306 non
2242 2242 2542 2322 instituto
2570 2242 2785 2328 aliquo

485 2354 606 2413 aut
647 2369 823 2413 more
867 2355 984 2412 aut
1025 2346 1166 2432 lege
1209 2344 1295 2411 sit
1337 2345 1554 2431 opinio
1604 2344 1959 2411 constituta
2007 2355 2395 2430 maneatque
2445 2345 2528 2410 ad
2577 2367 2784 2412 unum
2813 2375 2892 2418 20

487 2447 779 2513 omnium
801 2448 988 2513 firma
1006 2446 1353 2525 consensio,
1374 2447 1669 2533 intellegi
1697 2469 1955 2514 necesse
1977 2455 2080 2513 est
2100 2469 2236 2513 esse
2257 2446 2444 2528 deos;
2481 2447 2785 2532 quoniam

482 2549 712 2616 insitas
753 2572 975 2616 eorum
1017 2548 1122 2615 vel
1165 2549 1380 2634 potius
1422 2550 1681 2615 innatas
1724 2550 2118 2637 cognitiones
2159 2549 2490 2629 habemus,
2532 2550 2615 2616 de
2656 2572 2786 2637 quo

482 2659 708 2718 autem
753 2651 1043 2717 omnium
1092 2661 1327 2718 natura
1377 2653 1714 2730 consentit,
1760 2652 1829 2717 id
1879 2674 2106 2718 verum
2156 2674 2294 2718 esse
2343 2674 2600 2719 necesse
2621 2691 2625 2695 Δ
2644 2663 2785 2734 est;

483 2777 623 2821 esse
662 2755 865 2841 igitur
904 2754 1056 2821 deos
1097 2754 1535 2821 confitendum
1581 2763 1697 2836 est.
1786 2755 1975 2835 Quod
2013 2756 2318 2840 quoniam
2355 2757 2491 2822 fere
2533 2763 2785 2821 constat

483 2856 655 2924 inter
682 2880 903 2925 omnes
930 2881 1061 2924 non
1088 2858 1501 2944 philosophos
1530 2857 1756 2935 solum,
1779 2858 1891 2923 sed
1912 2858 2111 2923 etiam
2139 2858 2443 2935 indoctos,
2463 2858 2784 2924 fateamur
2809 2883 2840 2922 2
2849 2879 2884 2940 5

480 2969 773 3027 constare
815 2962 978 3029 illud
1018 2962 1236 3040 etiam,
1279 2960 1449 3025 hanc
1491 2982 1609 3026 nos
1650 2959 1890 3026 habere
1937 2960 2074 3026 sive
2115 2960 2662 3046 anticipationem,
2703 2969 2783 3026 ut

480 3072 636 3130 ante
682 3065 834 3142 dixi,
876 3064 1010 3130 sive
1056 3062 1540 3149 praenotionem
1590 3062 1857 3127 deorum
1907 3064 2087 3147 (sunt
2136 3062 2311 3128 enim
2360 3062 2552 3128 rebus
2600 3063 2782 3129 novis

479 3189 650 3232 nova
689 3167 986 3253 ponenda
1027 3168 1305 3245 nomina,
1345 3173 1427 3232 ut
1476 3166 1794 3251 Epicurus
1841 3166 1979 3251 ipse
2028 3164 2372 3254 πρόληψιν
2412 3168 2779 3253 appellavit,

481 3292 678 3355 quam
715 3276 909 3333 antea
943 3290 1136 3334 nemo
1174 3290 1254 3334 eo
1280 3269 1475 3335 verbo
1517 3268 2163 3353 nominarat)—hanc
2204 3270 2407 3355 igitur
2448 3269 2778 3350 habemus,

378 3385 457 3445 45
483 3381 558 3436 ut
601 3371 753 3436 deos
793 3369 1015 3436 beatos
1058 3379 1127 3436 et
1167 3370 1564 3438 immortales
1602 3381 1922 3458 putemus.
2013 3372 2197 3453 Quae
2235 3373 2411 3438 enim
2448 3373 2633 3439 nobis
2667 3395 2779 3439 na·
2802 3395 2888 3453 30

474 3480 630 3537 tura
668 3471 1189 3536 informationem
1230 3472 1515 3556 ipsorum
1558 3472 1824 3537 deorum
1868 3472 2064 3550 dedit,
2092 3473 2317 3539 eadem
2345 3473 2683 3558 insculpsit
2709 3474 2780 3539 in

476 3574 823 3650 mentibus,
866 3582 944 3638 ut
986 3596 1098 3639 eos
1138 3583 1433 3641 aeternos
1473 3582 1543 3640 et
1585 3574 1809 3640 beatos
1851 3574 2251 3643 haberemus.
2341 3577 2530 3657 Quod
2581 3579 2636 3644 si
2686 3579 2782 3645 ita

479 3684 595 3753 est,
636 3697 786 3741 vere
828 3677 1121 3762 exposita
1160 3678 1277 3744 illa
1317 3676 1641 3743 sententia
1682 3685 1783 3744 est
1824 3677 1909 3743 ab
1953 3678 2248 3765 Epicuro,
2290 3679 2464 3765 quod
2514 3681 2779 3748 beatum

579 3819 612 3868 3
642 3820 914 3870 inmortali
934 3834 1036 3872 uss
1060 3821 1332 3885 generally,
1355 3823 1717 3873 immortalibus
1750 3827 1868 3874 (mo
1898 3823 2027 3875 Dav.
2051 3824 2242 3878 Heind.
2437 3826 2502 3876 14
2529 3830 2782 3894 πρόληψιν

481 3894 593 3946 Bed
622 3898 665 3957 (²
687 3911 772 3948 see
803 3897 998 3964 Moser)
1031 3899 1163 3959 edd..
1189 3903 1462 3963 prolevmin
1485 3902 1599 3965 (but
1622 3903 1911 3966 problebsin
1945 3903 1981 3955 1.
2021 3906 2105 3966 28)
2144 3905 2204 3967 A,
2235 3905 2544 3970 prolempsin
2568 3906 2631 3969 Β,
2660 3921 2780 3970 pro·

484 3978 679 4039 blepein
710 3977 810 4039 CK,
830 3982 1115 4042 problebein
1138 3979 1242 4039 ΕΡ,
1268 3995 1364 4043 pro
1389 3984 1533 4045 plebs
1565 3984 1625 4033 in
1653 3988 1693 4035 B
1715 3982 1829 4046 (but
1852 3987 2155 4048 problebeim
2185 3986 2220 4037 1.
2244 3988 2344 4050 28),
2365 3989 2633 4051 prolepsim
2658 3988 2778 4039 Asu.

482 4058 550 4107 24
581 4074 681 4110 me
712 4074 818 4110 om.
842 4060 928 4111 Or.
953 4061 1039 4125 (by
1068 4061 1289 4112 mistake
1303 4065 1362 4126 ²).
1485 4065 1601 4126 sere
1635 4064 1744 4129 ΒΕ,
1770 4067 1895 4132 fleri
1930 4067 2158 4119 AGPBK.
2353 4070 2415 4119 25
2438 4070 2700 4132 fateamu-
2732 4070 2780 4119 B

484 4144 631 4203 (corr.
666 4141 801 4191 from
823 4142 1069 4204 fatemur)
1102 4140 1236 4204 edd„
1254 4143 1479 4207 fatemur
1513 4157 1626 4196 uss.
1829 4147 1890 4196 31
1913 4147 2132 4211 ipsumam
2161 4148 2362 4198 deorum
2392 4148 2484 4215 [X]
2506 4153 2564 4210 B,
2588 4150 2635 4202 d.
2662 4152 2702 4203 i.
2731 4148 2778 4202 U

483 4223 597 4272 Asc.
621 4220 799 4285 [Mna]
824 4221 942 4272 Sch.
