3150 4700
450 219 534 282 28
909 268 915 274 .
1210 229 1307 280 ns
1348 225 1637 281 Mum
1675 227 1986 281 mmmm.

344 377 423 439 80
444 374 666 442 Redeo
694 374 779 441 ad
808 373 974 440 deos.
1063 371 1313 439 XXIX.
1359 372 1633 458 quuos‚
1659 370 1716 437 si
1753 393 1885 438 non
1927 379 2066 437 tam
2108 370 2453 451 strabones,
2488 381 2560 439 at
2591 394 2745 460 pae-

444 479 616 545 tulos
660 499 798 544 esse
847 476 1275 543 arbitramur?
1341 495 1575 561 ecquos
1632 495 1914 541 naevum
1959 473 2235 541 habere?
2297 496 2532 562 ecquos
2575 477 2744 555 silos,

439 579 686 660 flaccos,
728 579 1071 658 frontones,
1127 577 1477 664 capitones,
1536 598 1707 662 quae
1762 585 1921 644 sunt
1974 576 2046 642 in
2101 577 2322 644 nobis?
2385 601 2470 645 an
2529 581 2746 647 omnia

440 682 786 749 emendata
810 683 881 747 in
909 681 1085 747 illis?
1168 680 1381 747 Detur
1407 678 1475 745 id
1504 679 1724 760 vobis3
1767 701 1929 745 num
1958 680 2157 746 etiam
2183 689 2432 749 unaest
2452 684 2743 753 omnium

334 842 340 849 .
441 785 670 853 facies?
710 798 864 851 n‘am
891 784 949 851 si
982 784 1217 873 plures,
1255 783 1450 853 aliam
1495 803 1636 849 esse
1677 782 1807 849 alia
1849 781 2284 872 pulchriorem
2323 805 2584 851 necesse
2626 793 2742 853 est.
2812 801 2851 864 5

438 888 655 975 Igitur
693 887 930 975 aliquis
970 910 1103 955 non
1146 885 1617 975 pulcherrimus
1659 886 1835 956 deus.
1919 887 1995 955 Si
2037 909 2174 954 una
2213 889 2506 959 omnium
2546 889 2742 959 facies

440 997 557 1069 est,
583 990 808 1058 florere
836 990 908 1057 in
935 990 1111 1058 caelo
1137 989 1561 1056 Academiam
1590 1011 1849 1057 necesse
1884 997 1984 1056 est
1991 1012 2012 1071 3
2055 990 2116 1056 si
2151 991 2327 1057 enim
2368 990 2537 1057 nihil
2569 991 2745 1061 inter

439 1093 636 1160 deum
665 1099 735 1159 et
761 1092 958 1159 deum
985 1091 1218 1171 differt,
1260 1093 1442 1160 nulla
1484 1100 1585 1158 est
1621 1093 1799 1179 apud
1843 1092 1996 1159 deos
2036 1093 2336 1180 cognitio,
2374 1095 2557 1161 nulla
2597 1116 2743 1181 per-

338 1201 415 1263 81
441 1196 668 1281 ceptio.
755 1195 944 1277 Quid,
974 1195 1031 1262 si
1061 1195 1279 1271 etiam,
1309 1194 1539 1275 Vellei,
1566 1195 1804 1261 falsum
1842 1195 2006 1261 illud
2049 1196 2310 1262 omnino
2347 1206 2468 1274 est,
2492 1197 2740 1262 nullam

440 1299 633 1364 aliam
661 1298 846 1365 nobis
874 1299 956 1364 de
985 1298 1106 1364 deo
1132 1298 1565 1385 cogitantibus
1594 1299 1873 1385 speciem
1900 1299 2028 1365 nisi
2060 1298 2340 1366 hominis
2367 1303 2739 1367 occurrere?
2772 1322 2848 1363 10

440 1409 742 1466 tamenne
770 1402 897 1467 ista
923 1409 1062 1467 tam
1089 1400 1366 1466 absurda
1393 1400 1735 1467 defendes?
1819 1400 2029 1468 Nobis
2053 1401 2321 1468 sortasse
2342 1402 2434 1468 sic
2449 1400 2742 1483 occurrit,

438 1510 516 1568 ut
542 1503 729 1584 dicis;
771 1525 814 1568 a
839 1503 1054 1590 parvis
1082 1503 1260 1568 enim
1288 1502 1336 1568 J
1337 1524 1541 1581 ovem,
1568 1502 1617 1568 J
1618 1525 1915 1583 unonem,
1937 1503 2315 1582 Minervam,
2331 1504 2740 1592 Neptunum,

438 1604 822 1684 Vulcanum,
863 1605 1236 1692 Apollinem
1280 1605 1688 1692 reliquosque
1730 1606 1883 1672 deos
1925 1628 2004 1671 ea
2040 1606 2203 1672 facie
2253 1607 2565 1687 novimus,
2609 1629 2741 1695 qua

436 1708 711 1796 pictores
764 1708 1144 1794 fictoresque
1200 1708 1559 1788 voluerunt,
1607 1730 1820 1797 neque
1876 1709 2085 1777 solum
2140 1709 2322 1791 facie,
2365 1711 2481 1778 sed
2537 1713 2738 1779 etiam

318 1816 328 1834 ·“
438 1818 684 1888 ornatu,
711 1819 944 1890 aetate,
971 1811 1212 1877 vestitu
1220 1833 1241 1891 3
1284 1817 1357 1876 at
1381 1832 1514 1876 non
1541 1809 1855 1898 Aegyptii
1881 1833 2002 1877 nec
2030 1812 2179 1899 Syri
2207 1835 2325 1879 nec
2353 1813 2484 1879 fere
2506 1822 2738 1880 cuncta
2769 1834 2842 1896 15

435 1912 732 1978 barbaria
747 1936 768 1994 ;
832 1912 1144 1980 firmiores
1201 1911 1380 1979 enim
1435 1911 1655 1978 videas
1704 1913 1879 1998 apud
1898 1972 1902 1978 .
1924 1935 2032 1979 eos
2089 1914 2422 2000 opiniones
2465 1936 2605 1983 esse
2652 1916 2739 1983 de

436 2015 661 2082 bestiis
704 2015 1094 2102 quibusdam
1134 2037 1332 2102 quam
1382 2014 1558 2102 apud
1604 2037 1722 2082 nos
1765 2016 1849 2082 de
1898 2017 2312 2084 sanctissimis
2355 2019 2620 2107 templis
2667 2028 2739 2088 et

334 2122 412 2184 82
437 2119 789 2185 simulacris
833 2119 1117 2189 deorum.
1203 2117 1469 2184 Etenim
1514 2117 1667 2183 fana
1714 2119 1927 2185 multa
1967 2120 2245 2206 spoliata
2285 2128 2355 2186 et
2395 2122 2738 2189 simulacra

435 2223 701 2289 deorum
729 2223 811 2290 de
837 2222 993 2289 locis
1035 2222 1456 2289 sanctissimis
1498 2222 1719 2287 ablata
1759 2221 2054 2288 videmus
2094 2245 2137 2288 a
2175 2224 2438 2306 nostris;
2477 2232 2548 2290 at
2584 2246 2735 2291 vero

434 2348 519 2393 ne
547 2327 740 2393 fando
777 2327 1041 2414 quidem
1085 2327 1383 2393 auditum
1419 2333 1519 2393 est
1558 2326 1948 2393 crocodilum
1984 2334 2101 2393 aut
2142 2326 2304 2394 ibim
2343 2334 2459 2394 aut
2500 2328 2731 2395 faelem
2762 2355 2845 2400 κο

434 2431 744 2496 violatum
815 2432 899 2498 ab
969 2430 1313 2516 Aegyptio.
1403 2428 1582 2511 Quid
1651 2429 1851 2515 igitur
1906 2433 2170 2495 censes?
2253 2430 2455 2516 Apim
2528 2431 2731 2511 illum,

434 2543 726 2599 sanctum
775 2534 1247 2621 Aegyptiorum
1294 2534 1544 2611 bovem,
1598 2555 1817 2598 nonne
1859 2533 2056 2598 deum
2097 2532 2305 2598 videri
2345 2533 2733 2620 Aegyptiis?

435 2635 595 2701 -Tam
625 2636 835 2701 hercle
871 2659 1069 2724 quam
1110 2635 1236 2701 tibi
1276 2635 1457 2701 illam
1485 2644 1768 2700 vestram
1811 2635 2155 2720 Sospitam,
2183 2657 2381 2721 quam
2424 2646 2498 2703 tu
2542 2659 2734 2703 num-

433 2760 630 2825 quam
667 2760 751 2803 ne
793 2738 864 2803 in
906 2737 1146 2804 somnis
1189 2738 1454 2824 quidem
1482 2738 1667 2803 vides
1704 2738 1832 2803 nisi
1871 2759 2020 2803 cum
2063 2738 2234 2825 pelle
2272 2739 2551 2825 caprina,
2581 2762 2732 2806 cum

433 2841 634 2920 hasta,
674 2863 825 2910 cum
866 2841 1135 2921 scutulo,
1178 2864 1329 2907 cum
1385 2840 1677 2906 calceolis
1727 2840 2042 2926 repandis.
2128 2841 2223 2906 At
2263 2863 2395 2907 non
2438 2851 2538 2907 est
2580 2842 2729 2908 talis
2759 2869 2790 2908 2
2799 2866 2837 2927 5

430 2942 674 3029 Argiva
710 2965 828 3009 nec
864 2944 1160 3010 Romana
1195 2944 1243 3008 J
1244 2964 1390 3009 uno,
1478 2943 1649 3027 Ergo
1687 2942 1819 3007 alia
1854 2943 2099 3028 species
2132 2944 2180 3008 J
2184 2944 2414 3008 unonis
2453 2944 2730 3031 Argivis,

431 3046 559 3111 alia
587 3046 952 3125 Lanuvinis,
978 3047 1118 3113 alia
1139 3045 1330 3113 nobis,
1417 3045 1508 3110 Et
1534 3044 1801 3131 quidem
1831 3045 1961 3110 alia
1986 3044 2173 3111 nobis
2201 3045 2571 3132 Capitolini,
2597 3046 2732 3113 alia

440 3277 445 3284 ·
525 3265 555 3313 1
589 3277 763 3327 ecquos
782 3262 1062 3312 cernerem
1082 3269 1250 3325 etquos
1271 3258 1543 3323 Remum
1561 3257 1906 3322 somam„
1930 3262 2151 3324 etqmm·
2170 3261 2289 3311 Asc.
2417 3262 2451 3311 2
2482 3278 2723 3327 ecqua..

428 3359 603 3408 ecquos
623 3344 751 3403 AB’,
772 3351 1175 3407 etqua—etqua
1196 3342 1538 3408 B¹CEUBK÷
1552 3375 1569 3392 .
1770 3343 1802 3393 9
1833 3343 1961 3405 quid
1979 3344 2027 3392 si
2047 3341 2094 3391 Ε
2116 3342 2253 3404 Aac„
2279 3344 2414 3406 qnod
2430 3345 2480 3394 si
2498 3344 2635 3396 AGU
2650 3356 2720 3409 ÷,

429 3441 526 3491 quo
545 3427 593 3475 si
613 3426 674 3475 B.
858 3425 920 3473 11
952 3426 1178 3489 defendes
1199 3423 1339 3483 ΤΗΣ,
1361 3423 1625 3487 defendens
1643 3420 1856 3483 m4,
1882 3423 2162 3486 defenderes
2182 3427 2229 3475 V
2246 3424 2366 3477 Asc.
2475 3428 2552 3476 cic
2571 3426 2720 3488 Boo,

427 3509 475 3556 si
514 3507 781 3557 ACEUTB
815 3507 1018 3561 Λεὼ-Ρ.
1261 3507 1325 3554 12
1361 3520 1397 3554 a
1421 3506 1599 3568 parvis
1633 3506 1767 3554 enim
1800 3504 1953 3554 Klotz
1990 3504 2124 3571 (who
2156 3519 2420 3578 compares
2456 3521 2492 3558 a
2524 3506 2726 3560 similar

427 3588 721 3652 corruption
746 3588 803 3638 in
833 3590 957 3650 Lea.
983 3601 1027 3638 11
1060 3587 1131 3653 9).
1163 3589 1453 3652 apparuisse
1481 3585 1558 3653 (or
1585 3586 1854 3651 aperuisse)
1891 3601 2004 3650 uss,
2039 3601 2140 3639 om.
2180 3587 2338 3638 Mars.
2365 3589 2500 3639 Dav·
2533 3577 2728 3641 Heind.

426 3670 670 3718 «Iunonem
710 3682 807 3718 uss
849 3668 1119 3731 generally,
1158 3683 1261 3718 om.
1305 3668 1402 3718 CB.
1598 3668 1663 3717 13
1703 3669 2016 3731 reliquosque
2059 3668 2229 3731 AB4,
2277 3672 2494 3735 reliquos
2535 3670 2726 3723 cmx.

430 3750 492 3800 16
522 3764 600 3799 eos
632 3751 1098 3812 opiniones—quam
1129 3750 1265 3812 apud
1296 3762 1399 3798 om.
1432 3747 1490 3798 0.
1729 3749 1790 3798 18
1820 3750 2039 3812 spoliata
2070 3748 2281 3812 XBK÷,
2318 3753 2576 3815 expoliata
2605 3752 2728 3816 Δρο.

428 3829 672 3881 omrTU.
877 3831 942 3880 20
973 3845 1033 3880 ne
1057 3831 1218 3894 sancio
1246 3829 1589 3893 [Roman.
1613 3830 1884 3893 nefandum
1904 3829 1993 3880 Uo
2010 3829 2128 3880 Asc.
2150 3831 2392 3894 Herv.÷,
2416 3834 2641 3897 nefandi
2660 3833 2727 3884 A.

426 3912 656 3961 auditum
669 3909 855 3974 B[CE]‚
881 3912 1062 3960 auditu
1082 3909 1223 3961 ABU
1241 3910 1357 3960 Asc.
1376 3914 1568 3962 mo.
1636 3912 1935 3961 crocodilum
1955 3924 2039 3961 see
2059 3924 2104 3960 11
2127 3913 2241 3964 129.
2391 3914 2456 3963 21
2478 3916 2729 3980 demptio

427 3992 562 4052 Asc„
588 3996 811 4057 Aeyypto
833 4005 930 4040 uss
951 3990 1225 4053 generally.
1354 4006 1515 4041 cemes
1536 3993 1688 4056 Apim
1706 3994 1853 4042 illum
1873 3991 2157 4055 [ABRJmn
2183 4007 2346 4044 censet
2368 3996 2507 4059 apud
2530 3998 2730 4046 nuum

426 4073 523 4124 ΟΒ.
744 4071 809 4121 26
840 4072 1033 4132 Arqiva
1053 4070 1118 4120 G.
1140 4069 1639 4135 Bed04Wesenberg
1662 4071 1868 4137 (quoted
1889 4072 1956 4135 by
1977 4070 2133 4121 Orelli
2155 4087 2223 4123 on
2251 4075 2394 4125 Tuae.
2418 4089 2441 4125 1
2464 4074 2576 4139 113)
2604 4075 2728 4128 Sch.

428 4153 540 4213 Ba„
564 4152 721 4213 Araia
742 4164 837 4200 uss
859 4150 1110 4215 generally
1133 4150 1220 4202 Or.
1242 4151 1351 4202 Mu.
1522 4154 1584 4205 27
1620 4155 1729 4203 alia
1751 4156 1888 4204 nobis
1909 4153 2023 4205 edd.
2046 4155 2177 4207 after
2197 4155 2440 4219 Ursinus,
2459 4171 2566 4208 om.
2589 4171 2708 4209 uss.
