3150 4700
972 247 1101 297 nm.
1146 247 1173 296 1
1218 247 1363 295 cu».
1410 245 1682 295 vul—x
1726 229 1806 315 ἐξ
1852 232 2125 295 19—25.
2655 232 2694 296 9

399 391 508 459 An
532 391 710 473 haec,
736 398 817 458 ut
842 392 975 458 fere
1003 391 1235 469 dicitis,
1261 390 1601 455 hominum
1636 413 1829 456 causa
1865 415 1907 456 a
1941 392 2063 457 deo
2102 392 2454 458 constituta
2495 399 2649 458 sunt
2670 396 2695 457 2
2717 400 2796 461 23

399 496 939 582 Sapientiumne‘l
1020 493 1293 579 Propter
1340 514 1577 578 paucos
1622 494 1825 579 igitur
1872 502 2060 559 tanta
2109 502 2212 560 est
2261 495 2431 559 facta
2477 516 2694 559 rerum

396 599 661 666 molitio.
749 598 860 663 An
909 597 1301 663 stultome
1396 598 1491 661 At
1532 596 1817 681 primum
1839 619 2054 662 -causa
2094 620 2225 663 non
2269 597 2411 677 fuit,
2454 620 2569 663 cur
2610 597 2696 664 de

396 702 705 788 improbis
753 704 920 768 bene
975 708 1365 766 mereretur·
1348 749 1366 781 ,
1441 698 1681 765 deinde
1738 699 1896 785 quid
1953 710 2056 766 est
2098 705 2477 767 assecutus?
2541 723 2692 765 cum

332 825 368 885 5
396 827 618 871 omnes
671 805 863 871 stulti
917 804 1049 869 sint
1106 805 1243 869 sine
1293 800 1493 868 dubio
1539 801 1903 881 miserrimi,
1951 804 2235 869 maxime
2283 805 2456 889 quod
2505 805 2692 871 stulti

392 921 581 991 sunt3
637 909 931 974 miserius
981 907 1155 973 enim
1205 905 1491 972 stultitia
1534 904 1698 990 quid
1746 927 2086 991 possumus
2124 878 2390 974 dsoere2
2455 907 2691 974 deinde

392 1010 568 1094 quod
595 1009 693 1075 ita
717 1009 926 1075 multa
954 1017 1109 1074 sunt
1134 1005 1584 1072 incommoda
1565 1028 1638 1071 m
1664 1007 1816 1085 vita,
1845 1015 1924 1073 ut
1952 1030 2031 1072 ea
2057 1008 2382 1093 sapientes
2413 1031 2692 1075 commo-

395 1115 621 1181 dorum
650 1113 1175 1201 compensatione
1193 1112 1459 1191 leniant,
1489 1111 1676 1177 stulti
1704 1134 1823 1177 nec
1850 1112 2056 1178 vitare
2082 1112 2408 1177 venientia
2443 1113 2690 1199 possint

395 1240 514 1283 nec
553 1218 719 1284 ferre
759 1217 1140 1303 praesentia.
1229 1215 1314 1281 X.
1371 1214 1500 1295 Qui
1528 1237 1680 1281 vero
1706 1215 2069 1280 mundum
2052 1238 2265 1301 lpsum
2292 1215 2688 1282 animantem

294 1344 373 1385 re
394 1321 879 1407 sapientemque
908 1341 1047 1386 esse
1076 1317 1399 1396 dixerunt,
1428 1319 1611 1384 nullo
1649 1318 1840 1383 modo
1868 1319 2188 1397 viderunt,
2218 1319 2419 1385 animi
2456 1330 2690 1387 natura

390 1429 824 1515 intellegentis
873 1426 946 1493 in
995 1449 1194 1513 quam
1242 1427 1521 1513 figuram
1570 1426 1797 1491 cadere
1848 1436 2104 1512 posset;
2164 1427 2246 1492 de
2296 1450 2424 1512 quo
2475 1428 2687 1494 dicam

391 1532 693 1617 equidem
733 1530 928 1618 paulo
970 1538 1157 1616 post3
1197 1551 1372 1595 nunc
1413 1536 1639 1594 autem
1687 1529 2002 1594 hactenus
2048 1529 2414 1595 admirabor
2462 1552 2684 1596 eorum
2709 1533 2790 1593 24

390 1630 782 1710 tarditatem,
839 1631 957 1716 qui
1012 1630 1409 1696 animantem
1464 1629 1899 1695 immortalem
1956 1639 2027 1696 et
2084 1631 2363 1697 eundem
2421 1632 2686 1699 beatum

389 1735 737 1800 rotundum
765 1757 903 1802 esse
932 1735 1154 1812 velint,
1183 1734 1355 1819 quod
1384 1756 1463 1798 ea
1488 1734 1696 1798 forma
1722 1741 1917 1819 neget
1946 1734 2147 1799 ullam
2187 1756 2326 1800 esse
2368 1735 2688 1822 pulchrio-

292 1863 323 1904 ι
332 1862 365 1922 5
391 1861 529 1905 rem
586 1840 791 1907 Plato.
877 1839 974 1906 At
1028 1839 1194 1904 mihi
1250 1837 1356 1904 vel
1405 1836 1678 1923 cylindri
1726 1838 1834 1902 vel
1882 1838 2182 1923 quadrati
2232 1837 2337 1905 vel
2386 1841 2530 1904 coni
2580 1840 2686 1906 vel

389 1941 739 2027 pyramidis
765 1940 1026 2007 videtur
1052 1962 1190 2006 esse
1227 1938 1574 2005 formosior.
1662 1938 1845 2019 Quae
1874 1960 2026 2004 vero
2051 1939 2189 2004 vita
2228 1939 2539 2005 tribuitur
2573 1940 2686 2007 isti

390 2043 666 2110 rotundo
706 2045 874 2110 deo?
959 2042 1216 2130 Nempe
1256 2051 1335 2108 ut
1377 2064 1457 2108 ea
1497 2042 1828 2107 celeritate
1871 2051 2384 2127 contorqueatur,
2422 2044 2528 2110 cui
2569 2066 2688 2129 par

389 2147 571 2213 nulla
596 2170 680 2213 ne
707 2146 975 2233 cogitari
1002 2146 1264 2233 quidem
1293 2145 1530 2231 possit3
1570 2144 1643 2209 in
1670 2167 1800 2229 qua
1826 2167 1959 2210 non
1986 2146 2175 2213 video
2200 2146 2486 2212 ubinam
2502 2170 2686 2214 mens

389 2258 687 2315 constans
716 2259 785 2316 et
811 2250 950 2316 vita
974 2249 1170 2316 beata
1194 2249 1432 2350 possit
1432 2247 1744 2314 insistere.
1829 2248 2204 2334 Quodque
2185 2271 2258 2314 ιιι
2294 2258 2513 2316 nostro
2549 2272 2685 2315 cor-

286 2382 366 2422 20
391 2375 545 2438 pore
566 2353 621 2419 si
641 2354 913 2418 minima
932 2375 1015 2419 ex
1042 2360 1226 2438 parte
1247 2330 1720 2437 †significetur‚
1736 2350 2082 2420 molestum
2106 2352 2207 2429 sit,
2231 2374 2345 2417 cur
2366 2353 2486 2418 hoc
2505 2353 2682 2419 idem

296 2461 302 2468 ‘
391 2478 522 2521 non
549 2456 865 2521 habeatur
890 2454 1282 2520 molestum
1265 2477 1335 2519 ιιι
1363 2454 1532 2521 deo?
1603 2453 1816 2519 Terra
1844 2454 2019 2520 enim
2048 2457 2349 2542 profecto,
2378 2458 2682 2542 quoniam

391 2559 621 2624 mundi
668 2581 816 2645 pars
872 2567 990 2639 est,
1039 2580 1189 2644 pars
1246 2565 1347 2623 est
1394 2557 1599 2623 etiam
1651 2556 1772 2622 dei.
1857 2558 2070 2643 Atqui
2117 2565 2324 2623 terrae
2369 2559 2686 2625 maximas

389 2664 678 2750 regiones
705 2662 1158 2729 inhabitabiles
1187 2670 1385 2747 atque
1414 2661 1693 2726 incultas
1720 2660 2035 2741 videmus,
2065 2662 2239 2746 quod
2267 2684 2418 2748 pars
2459 2685 2682 2728 earum

388 2765 665 2851 appulsu
693 2766 840 2829 solis
870 2764 1192 2841 exarserit,
1215 2785 1360 2849 pars
1388 2763 1741 2849 obriguerit
1766 2762 1919 2828 nive
1947 2764 2307 2850 pruinaque
2334 2763 2684 2850 longinquo

289 2893 362 2953 25
390 2869 542 2934 solis
566 2868 899 2948 abscessu3
944 2887 1130 2951 quae,
1158 2866 1213 2931 si
1241 2865 1524 2931 mundus
1551 2875 1654 2931 est
1681 2866 1858 2944 deus,
1889 2867 2194 2951 quoniam
2217 2866 2448 2931 mundi
2467 2877 2685 2953 partes

386 2979 557 3050 sunt,
599 2971 708 3038 dei
745 2971 1036 3036 membra
1077 2969 1313 3055 partim
1355 2968 1665 3048 ardentia,
1708 2969 1947 3055 partim
1991 2969 2364 3056 refrigerata
2412 2969 2686 3036 dicenda

387 3080 563 3142 sunt.

514 3179 738 3264 Atque
787 3178 947 3243 haec
995 3177 1263 3263 quidem
1312 3184 1544 3255 vestra,
1597 3176 1821 3242 Lucili.
1928 3176 2159 3256 Qualia
2203 3198 2352 3242 vero
2397 3176 2547 3255 sint,
2597 3176 2680 3242 ab
2705 3182 2784 3241 25

387 3281 620 3348 ultimo
649 3290 939 3367 repetam
969 3281 1387 3366 superiorum.
1477 3279 1714 3345 Thales
1748 3280 1923 3345 enim
1955 3279 2262 3356 MilesiuS,
2294 3279 2408 3364 qui
2436 3279 2684 3365 primus

283 3407 366 3464 30
389 3385 472 3450 de
522 3384 763 3450 talibus
810 3383 1002 3448 rebus
1054 3382 1391 3469 quaesivit,
1437 3404 1676 3467 aquam
1727 3382 1895 3446 dixit
1946 3403 2083 3447 esse
2133 3382 2397 3446 initium
2447 3403 2681 3460 rerum,

261 3495 277 3506 ⁶
389 3488 585 3555 deum
626 3495 851 3552 autem
894 3507 1038 3551 eam
1083 3492 1391 3564 mentem,
1419 3507 1586 3572 quae
1631 3507 1711 3550 ex
1754 3508 1926 3574 aqua
1962 3492 2195 3550 cuncta
2231 3484 2522 3570 fingeret.
2608 3485 2684 3552 Si

484 3684 554 3735 10
579 3691 770 3736 namra
797 3684 1132 3746 inulleoevm’s
1162 3685 1225 3747 Δ,
1260 3691 1450 3736 namra
1482 3681 1817 3749 intelleq’entie
1855 3685 1915 3744 0,
1946 3692 2184 3736 mmmm
2215 3687 2549 3750 intellegentis
2580 3692 2682 3746 ΒΚ,

386 3772 575 3816 natura
594 3767 935 3828 intelleyentes
960 3765 1006 3815 B
1027 3766 1165 3823 Asc..
1186 3772 1429 3816 naman
1454 3768 1796 3828 intelleyemoe
1820 3765 1868 3814 E
1891 3765 2028 3816 Mus.
2054 3768 2253 3829 (except
2280 3769 2382 3828 ΒΚ)
2407 3766 2472 3828 U,
2496 3775 2683 3819 natura

387 3853 438 3895 σε
456 3846 803 3906 intelleoentia
823 3843 945 3896 Sch.
967 3845 1099 3895 aster
1119 3843 1408 3897 Eichstadt.
1610 3846 1673 3894 12
1707 3848 1945 3896 hactenus
1960 3863 1979 3895 .·
2014 3847 2300 3896 admirabor
2319 3845 2438 3897 Sch.
2467 3846 2555 3899 Or.
2581 3847 2675 3900 Ba.

388 3928 497 3980 Mu.
522 3943 609 3979 see
629 3928 828 3982 Comm-
1027 3928 1094 3978 20
1121 3929 1436 3991 eiqnfficetur
1455 3942 1572 3987 uss,
1596 3930 1946 3991 †sianfficetur
1967 3927 2055 3977 Or.
2077 3928 2208 3987 Mu„
2227 3930 2303 3978 sic
2326 3930 2565 3980 incitetur
2583 3929 2679 3981 Ba.

388 4009 522 4060 aster
540 4008 845 4060 Lachmann
864 4023 937 4059 on
952 4006 1105 4059 Lucr.
1133 4023 1189 4060 vr
1207 4010 1290 4069 80,
1311 4012 1386 4060 εἰσ
1406 4012 1661 4072 qfficiatur
1683 4009 1822 4068 Sch„
1842 4011 2094 4060 sentiatur
2115 4009 2285 4059 Klotz.
2468 4011 2533 4059 28
2562 4025 2680 4061 vero

387 4095 491 4142 εἰπε
510 4092 627 4142 Asc.
643 4095 702 4154 V,
731 4105 845 4142 vero
864 4097 938 4140 m
965 4089 1175 4151 AB¹OB,
1201 4104 1317 4141 vero
1337 4097 1455 4141 nme
1485 4090 1828 4153 Ucmnnw,
1850 4103 1954 4139 om.
1978 4094 2036 4150 K,
2059 4104 2174 4141 vero
2194 4093 2306 4140 alia
2325 4093 2431 4141 eim
2450 4089 2563 4140 B²E
2580 4091 2668 4143 Or.

389 4171 501 4235 Ba„
521 4186 636 4224 vero
656 4180 823 4224 cetera
842 4173 947 4223 uim
968 4170 1101 4236 coni.
1131 4170 1272 4233 Βοὴ,
1300 4170 1457 4228 οπο-Ι·
1473 4178 1546 4222 m
1568 4170 1678 4224 Mu.
1837 4171 1899 4220 31
1938 4173 1986 4222 εἰ
2009 4170 2126 4222 Asc.
2150 4170 2246 4222 EU
2261 4183 2328 4237 ψ,
2354 4172 2427 4223 sic
2449 4170 2675 4224 ABcsx.
